3217 4900
1536 302 1971 368 ..16-

581 501 708 545 non
760 488 873 561 est,
920 501 1035 545 cur
1082 483 1500 565 desperemus,
1595 477 1806 555 Quid?
1853 482 1987 563 ipse
2034 480 2380 563 Vitelliusl)
2427 481 2754 544 brevitatis
2800 488 2930 546 stu·

582 589 757 651 dium
804 589 902 651 his
949 588 1260 674 capitibus
1302 587 1706 650 manifestum
1746 606 1880 650 esse
1917 607 2129 650 nonne
2169 588 2516 651 concessit?
2588 588 2931 652 Videmus-

580 715 660 758 ne
705 716 910 778 porr0‚
956 702 1029 758 ut
1076 695 1237 778 apud
1283 693 1658 758 Sallustium
1704 713 1754 756 c.
1797 693 1880 756 64
1920 700 1981 757 et
2021 694 2102 756 65
2144 700 2306 757 artes
2343 694 2675 777 populares
2714 717 2747 758 a
2786 694 2930 758 Ma-

578 804 690 865 rio.
720 802 1034 865 adhibitae
1083 802 1539 883 describantur,
1596 806 1937 884 antequam
1985 820 2057 863 ea
2109 802 2295 864 verba
2342 808 2717 883 sequantur,
2766 822 2930 885 quae

580 908 901 972 Plutarchi
944 911 1131 992 capiti
1184 910 1217 969 7
1268 916 1551 971 extremo
1598 907 1921 971 simillima
1963 927 2099 971 esse
2137 929 2192 991 p.
2236 911 2272 970 9
2313 908 2928 973 demonstravimus?

578 1015 673 1078 Ea
718 1019 914 1099 igitur
958 1018 1123 1079 inter
1169 1016 1538 1079 Sallustium
1587 1022 1649 1078 et
1698 1015 2107 1078 Plutarchum
2156 1016 2314 1078 ratio
2373 1016 2721 1098 intercedit,
2778 1024 2850 1081 ut
2897 1038 2931 1080 e

579 1122 875 1186 Sallustio
925 1123 1180 1186 demum
1224 1122 1546 1185 Plutarchi
1593 1122 1987 1208 δημαγωγῶν
2034 1141 2224 1205 quam
2271 1122 2643 1185 brevissime
2691 1123 2926 1186 dictum

577 1232 1045 1313 perspiciamuS‚
1092 1238 1162 1291 ut
1207 1230 1647 1309 intellegamus
1687 1231 1929 1312 equites
1968 1227 2304 1310 Romanos,
2352 1229 2601 1309 militeS,
2646 1231 2923 1311 negotia-

575 1343 741 1400 tores
789 1356 915 1399 non
964 1338 1169 1400 solum
1218 1356 1333 1399 sua
1380 1343 1602 1419 sponte
1643 1372 1725 1381 —-
1759 1337 1822 1397 id
1872 1337 2044 1419 quod
2093 1355 2127 1398 e
2174 1335 2497 1399 Plutarchi
2544 1334 2734 1398 solius
2778 1355 2918 1397 ver-

578 1443 674 1505 bis
713 1445 943 1526 aliquis
990 1445 1344 1525 suspicetur
1382 1481 1485 1524 —,
1523 1443 1633 1505 sed
1682 1444 1867 1505 etiam
1918 1442 2103 1505 Marii
2150 1442 2547 1506 sermonibus
2586 1444 2914 1505 concitatos

576 1548 839 1612 Romam
899 1552 1240 1633 scripsisse.
1333 1549 1556 1633 Neque
1611 1556 1860 1612 tantum
1921 1549 2245 1617 brevitatis
2301 1550 2511 1613 studio
2576 1555 2918 1612 commotus

579 1656 961 1720 Plutarchus
1017 1658 1171 1719 haec
1227 1661 1440 1719 omnia
1495 1657 1725 1737 omisit,
1782 1656 1888 1719 sed
1948 1659 2136 1719 etiam
2194 1658 2454 1720 alteram
2511 1657 2589 1720 ob
2651 1674 2926 1735 causam,

579 1783 768 1845 quam
828 1784 907 1826 ex
967 1765 1065 1827 his
1122 1763 1341 1826 Vitelli
1411 1762 1621 1825 verbis
1677 1765 2141 1846 cognoscimus:
2212 1784 2269 1847 p.
2320 1764 2446 1826 360
2504 1766 2569 1826 in
2628 1783 2726 1826 un
2777 1763 2927 1824 bio-

575 1869 792 1952 grafo
858 1870 1258 1934 moralista
1312 1889 1488 1933 come
1550 1869 1847 1933 Plutarco
1905 1870 2082 1933 nulla
2142 1871 2202 1932 di
2260 1871 2374 1953 piu
2444 1870 2772 1953 frequente
2829 1869 2927 1932 del

578 1978 768 2039 veder
831 1984 1178 2041 trascurata
1247 1976 1539 2039 l'attivita
1603 1976 1876 2039 militare
1942 1978 2042 2039 dei
2098 1979 2239 2040 suoi
2296 1981 2443 2040 eroi.
2545 1976 2929 2040 Plutarchus

577 2102 744 2167 ergo,
791 2086 959 2168 quod
1008 2085 1296 2168 exempla
1342 2085 1673 2148 hominum
1721 2104 1912 2167 quam
1962 2087 2196 2167 optima
2254 2085 2436 2148 edere
2483 2084 2748 2166 volebat,
2795 2089 2928 2176 tur-

576 2210 716 2272 pem
783 2193 956 2255 illam
1035 2194 1213 2256 ducis
1289 2193 1607 2254 adulantis
1678 2197 1741 2254 et
1806 2192 1988 2254 donis
2058 2195 2516 2275 corrumpentis
2583 2192 2928 2273 imaginem

576 2296 843 2361 libenter
899 2302 1090 2362 verbo
1147 2300 1565 2363 adumbravit.
1661 2299 1783 2362 Sed
1840 2305 1911 2362 ut
1968 2300 2046 2361 ad
2106 2298 2453 2361 Diodorum
2520 2303 2929 2378 revertamur,

576 2403 761 2467 etiam
823 2407 888 2468 in
947 2408 1199 2490 exiguis
1256 2405 1384 2470 illis
1445 2406 1769 2471 Posidonii
1827 2407 2229 2469 historiarum
2289 2406 2573 2490 reliquiis
2630 2424 2930 2489 expressa

575 2510 748 2576 illius
805 2511 1217 2601 δημαγωγίας
1276 2515 1542 2596 vestigia
1599 2516 1991 2593 invenimus3
2079 2514 2152 2579 cf.
2207 2517 2539 2598 praecipue
2595 2511 2706 2577 καὶ
2760 2514 2931 2589 ταῖς

575 2618 896 2704 δωρεαῖς
941 2618 1051 2683 καὶ
1098 2623 1242 2697 ταῖς
1291 2610 1577 2703 ὁμιλίαις
1622 2619 1733 2685 καὶ
1781 2627 2288 2709 συμπεριφοραῖς
2326 2621 2460 2684 κτλ.
2503 2630 2562 2684 et
2608 2641 2681 2683 ea
2719 2621 2929 2696 verba,

577 2744 739 2807 quae
777 2728 841 2786 in
893 2730 1358 2809 comparatione
1406 2730 1711 2811 exscripsi
1758 2733 2088 2810 postrema.

756 2831 978 2915 Itaque
1024 2853 1137 2915 pro
1185 2841 1353 2896 certo
1402 2834 1599 2896 habeo
1648 2840 1836 2916 caput
1883 2835 2217 2916 septimum
2270 2833 2589 2896 Plutarchi
2637 2853 2752 2897 nec
2799 2853 2926 2896 non

577 2937 839 3001 Sallusti
886 2940 1091 3015 verba,
1142 2960 1305 3023 quae
1352 2941 1751 3022 respondent,
1802 2939 2137 3002 Posidonio
2186 2941 2583 3003 attribuenda
2630 2960 2782 3004 esse.

596 3119 599 3122 ,
755 3048 822 3110 b.
872 3046 1017 3108 Jam
1076 3048 1453 3110 conserenda
1509 3053 1659 3110 sunt
1706 3046 2018 3109 Diodori
2077 3048 2498 3130 fragmenta
2556 3068 2718 3110 cum
2770 3047 2925 3110 Sal—

584 3153 790 3214 lustii
870 3154 1066 3216 bello
1149 3154 1640 3237 <Iugurthino
1769 3153 2159 3217 Evolvamus
2241 3157 2521 3238 primum
2605 3137 2925 3217 Diodori

573 3259 1080 3342 fragmentum
1132 3262 1231 3323 31.
2505 3243 2508 3244 ⁷

946 3473 1123 3526 Diod.
1162 3475 1230 3526 fr.
1271 3476 1337 3527 31
2200 3472 2347 3527 Sall.
2385 3473 2448 3525 B.
2485 3474 2533 3526 J.

692 3569 793 3632 Ὀτι
852 3575 997 3632 κατὰ
1045 3577 1147 3648 τὴν
1197 3578 1416 3652 Λιβύην
1467 3599 1691 3652 παρα-
1879 3599 1922 3635 c.
1982 3581 2068 3648 21,
2125 3582 2156 3633 2
2214 3580 2438 3634 Interim
2490 3581 2633 3633 haud
2687 3580 2841 3648 longe
2899 3596 2929 3632 a

576 3667 984 3735 ταξαμένων
1031 3665 1355 3738 ἀλλήλοις
1402 3674 1536 3724 τῶν
1578 3674 1696 3741 βα-
1805 3671 1938 3723 mari
1976 3686 2141 3739 prope
2169 3669 2367 3724 Cirtam
2401 3670 2649 3738 oppidum
2687 3670 2924 3721 utrius-

576 3756 826 3811 σιλέων
897 3752 1195 3828 Ἰογόρθας
1267 3756 1556 3828 κρατήσας
1628 3760 1698 3828 τῇ
1806 3777 1927 3828 que
1967 3760 2309 3813 exercitus
2348 3759 2651 3813 consedit
2696 3760 2767 3820 et,
2806 3758 2928 3826 quia

574 3842 726 3915 μάχῃ
754 3842 997 3909 πολλοὺς
1027 3843 1215 3901 ἀνεῖλε
1250 3852 1368 3901 τῶν
1393 3844 1694 3915 Νομάδων.
1805 3850 1911 3903 diei
1962 3851 2266 3903 extremum
2317 3850 2455 3917 erat,
2513 3848 2770 3917 proelium
2819 3864 2924 3900 non

1803 3940 2103 4006 inceptum:
2145 3940 2238 3992 sed
2275 3938 2366 3992 ubi
2403 3938 2719 4006 plerumque
2755 3937 2925 3990 noctis

1804 4028 2080 4095 processit,
2122 4027 2345 4081 obscuro
2386 4028 2544 4080 etiam
2583 4029 2698 4079 tum
2722 4027 2923 4079 lumine

762 4223 798 4288 ¹)
836 4238 886 4289 p.
927 4222 1028 4275 361
1068 4221 1119 4274 lo
1157 4222 1329 4274 studio
1367 4222 1419 4274 di
1458 4222 1679 4290 brevita,
1719 4223 1966 4276 evidente
2005 4225 2061 4275 in
2102 4224 2277 4292 questi
2326 4222 2536 4294 capitoli
2573 4224 2626 4275 di
2661 4223 2921 4278 Plutarco,
