3217 4900
1380 282 1818 345 ...14-

602 477 664 527 a.
706 458 1026 523 Plutarchi
1067 459 1262 541 igitur
1293 457 1445 522 Mar.
1479 478 1527 521 c.
1567 461 1600 519 7
1637 466 1700 522 et
1730 456 1995 523 Diodori
2024 459 2244 544 fragm.
2279 460 2363 524 38
2395 462 2577 525 iuxta
2605 480 2778 524 oom-

422 567 713 650 ponenda
758 574 936 646 sunt3
1010 585 1142 649 qua
1186 568 1253 629 in
1302 584 1370 630 re
1419 565 1740 630 Plutarchi
1786 569 1987 630 secuti
2035 569 2492 650 expositionem
2540 565 2775 631 Diodo-

424 693 675 737 reorum
726 673 1063 737 verborum
1111 673 1394 737 ordinem
1444 675 1938 738 immutavimus.

727 954 893 1009 Plut,
936 956 1084 1012 Mar.
1124 973 1170 1010 o.
1211 958 1240 1010 7

537 1075 701 1134 Ἐπεὶ
773 1079 833 1134 δὲ
916 1081 1181 1144 Κεκίλιος
1258 1078 1548 1143 Μέτελλος

422 1165 790 1238 ἀποδειχθεὶς
828 1166 922 1224 ἐπὶ
955 1164 1057 1223 τὸν
1086 1164 1234 1222 κατὰ
1270 1163 1546 1238 Ἰουγούρ-

423 1261 504 1312 θα
543 1254 797 1326 πόλεμον
836 1275 1054 1320 υπατος
1102 1253 1420 1327 στρατηγὸς
1468 1254 1548 1320 εἰς

423 1342 640 1417 Λιβύην
668 1343 990 1417 ἐπηγάγετο
1029 1341 1388 1417 πρεσβευτὴν
1422 1341 1544 1398 Μά-

425 1452 566 1504 ριον,
638 1432 891 1490 ἐνταῦθα
948 1433 1217 1506 πράξεων
1277 1430 1546 1503 μεγάλων

423 1526 521 1577 καὶ
558 1527 836 1594 λαμπρῶν
860 1519 1102 1595 ἀγώνων
1129 1518 1547 1593 ἐπιλαβόμενος

423 1608 490 1666 τὸ
538 1611 645 1681 μὲν
685 1606 879 1678 αὔξειν
918 1609 1018 1666 τὸν
1060 1610 1366 1674 Μέτελλον,
1415 1604 1544 1664 ὥσ-

425 1718 553 1770 περ
591 1699 653 1756 οὶ
692 1697 951 1763 λοίποί,
1000 1705 1097 1755 καὶ
1137 1695 1546 1755 πολιτεύεσθαι

425 1784 569 1858 πρὸς
615 1786 839 1845 ἐκεῖνον
878 1786 1037 1845 εἴασε
1081 1791 1319 1860 χαίρειν,
1368 1785 1545 1855 ἀξιῶν

424 1877 484 1931 δὲ
543 1875 647 1947 οὐχ
703 1874 818 1933 ὑπὸ
875 1878 1170 1934 Μετέλλου
1224 1881 1542 1946 κεκλῆσθαι

425 1963 804 2036 πρεσβευτής,
851 1963 962 2022 ὑπὸ
1006 1965 1065 2022 δὲ
1104 1969 1204 2035 τῆς
1248 1963 1418 2037 τύχης
1465 1966 1544 2032 εἰς

427 2050 816 2124 εὐφυέστατον
862 2053 1065 2126 καιρὸν
1110 2050 1256 2123 ὃμοῖ
1304 2059 1401 2110 καὶ
1446 2055 1542 2123 μέ-

424 2161 623 2212 γιστον
684 2139 1022 2214 εἰσάγεσθαι
1084 2140 1350 2215 πράξεων
1408 2143 1543 2199 θέα-

425 2251 562 2302 τρον
620 2229 986 2287 ἐπεδείκνυτο
1034 2239 1229 2287 πᾶσαν
1265 2231 1542 2303 ἀνδραγα-

427 2320 575 2374 θίαν.

496 2501 606 2555 Καὶ
644 2497 825 2556 πολλὰ
862 2505 963 2556 τοῦ
1003 2499 1258 2570 πολέμου
1296 2503 1544 2572 δυσχερῆ

427 2586 707 2658 φέροντος
753 2582 886 2644 οὔτε
942 2593 1058 2647 τῶν
1103 2587 1372 2662 μεγάλων
1419 2586 1542 2646 τινὰ

425 2673 619 2730 πόνων
655 2671 973 2750 ὑποτρέσας
1012 2671 1144 2734 οὔτε
1182 2684 1297 2734 τῶν
1322 2684 1543 2751 μικρῶν

424 2761 781 2831 ἀπαξιώσας,
835 2763 979 2822 ἀλλὰ
1028 2765 1157 2831 τοὺς
1202 2767 1309 2836 μὲν
1355 2762 1542 2836 ὁμοτί-

423 2873 566 2920 μους
630 2852 896 2930 εὐβουλία
969 2859 1065 2911 καὶ
1131 2860 1374 2932 προνοίᾳ
1439 2861 1543 2913 τοῦ

426 2940 818 3012 συμφέροντος
852 2940 1374 3017 ὑπερβαλλόμενος,

530 3117 675 3191 πρὸς
721 3121 780 3176 δὲ
829 3119 962 3187 τοὺς
1006 3121 1359 3193 στρατιώτας
1394 3117 1543 3194 ὑπὲρ

425 3205 710 3273 εὐτελείας
756 3213 854 3265 καὶ
900 3214 1207 3283 καρτερίας
1247 3209 1540 3281 διαμιλλώ·

390 3293 597 3363 ’μενος
643 3292 923 3354 εὔνοιαν
973 3295 1104 3370 ἔσχε
1154 3299 1369 3369 πολλὴν
1407 3298 1539 3373 παρ’

424 3381 630 3450 αὐτοῖς.
698 3378 878 3453 Ὅλως
913 3394 1033 3444 κτλ.

537 3650 615 3707 Οὐ
671 3651 783 3725 γὰρ
829 3645 1012 3720 οὕτως
1056 3653 1187 3721 τοὶς
1239 3660 1400 3727 τιμῆς
1447 3660 1545 3712 καὶ

420 3739 730 3812 χρημάτων
785 3740 1215 3811 μεταδιδόντας,
1282 3739 1359 3809 ὡς
1415 3743 1547 3810 τοὺς

425 3825 608 3885 πόνου
644 3835 741 3887 καὶ
784 3830 1047 3890 κινδύνου
1083 3831 1546 3905 μεταλαμβάνον-

426 3937 528 3983 τας
581 3914 868 3991 ἡγεμόνας
924 3918 1345 3991 θαυμάζουσιν,
1403 3917 1546 3978 ἀλλὰ

425 4011 641 4075 μᾶλλον
696 4006 966 4081 ἀγαπῶσι
1032 4017 1148 4066 τῶν
1204 4011 1550 4087 ῥᾳθυμεῖν

428 4095 857 4170 ἐπιτρεπόντων
893 4096 1027 4165 τοὶς
1064 4110 1379 4170 συμπονεῖν
1418 4098 1548 4160 §eb-

427 4193 644 4255 λοντας.

2022 956 2205 1010 Diod.
2244 957 2311 1010 fr.
2353 957 2422 1012 38

1755 1247 1876 1311 Ὅτι
1915 1249 1947 1311 ὃ
1983 1251 2208 1327 Μάριος
2244 1247 2325 1320 εἷς
2362 1251 2446 1311 ὢν
2483 1260 2603 1313 τῶν
2638 1275 2776 1325 συμ-

1656 1340 1882 1417 βούλων
1920 1347 2017 1399 καὶ
2055 1350 2172 1399 τῶν
2210 1349 2583 1416 πρεσβευτῶν

1760 1606 1872 1666 ὑπὸ
1929 1615 2033 1666 τοῦ
2099 1615 2421 1682 στρατηγοῦ
2478 1616 2775 1683 παρεθεω-

1657 1708 1839 1768 ρεῖτο,
1889 1698 2301 1765 ταπεινότατος
2350 1694 2432 1756 ὢν
2479 1704 2592 1755 τῶν
2638 1719 2773 1771 πρε-

1655 1791 1914 1860 σβευτῶν
1933 1785 2554 1860 τῆδόξῃ·ο2μὲνγὰρ
2575 1784 2774 1844 ἄλλοι

1655 1887 1771 1942 τοῖς
1815 1874 2101 1945 ἀξιώμασι
2148 1882 2247 1934 καὶ
2293 1887 2415 1943 ταῖς
2462 1875 2776 1950 εὐγενείαις

1652 1960 2033 2038 ὑπερέχοντες
2041 1964 2293 2038 μεγάλης
2312 1963 2599 2037 ἀποδοχῆς
2611 1963 2770 2038 ἐτύγ-

1649 2074 1826 2122 χανον
1880 2048 1992 2109 ὑπὸ
2046 2061 2148 2110 τοῦ
2204 2060 2543 2126 στρατηγοῦ,
2603 2047 2772 2120 οὗτος

1653 2142 1713 2196 δὲ
1754 2145 1940 2197 δοκῶν
1966 2143 2265 2216 γεγονέναι
2293 2140 2651 2214 δημοσιώνης
2679 2146 2776 2198 καὶ

1653 2228 1752 2295 τὰς
1780 2225 2198 2303 ὑποδεεστέρας
2225 2229 2403 2305 ἀρχὰς
2427 2229 2593 2304 μόγις
2631 2230 2776 2302 εἰλη-

1653 2316 1775 2389 φὼς
1813 2318 1877 2375 ἐν
1912 2329 2034 2385 ταῶ
2072 2320 2152 2386 είς
2195 2319 2367 2390 δόξαν
2406 2329 2776 2393 προαγωγαῖς

1653 2413 2108 2482 παρεθεωρεῑτο.

1764 2491 1941 2564 Οὗτος
1978 2501 2039 2556 δὲ
2078 2498 2222 2572 πρὸς
2260 2499 2394 2566 τοὺς
2431 2498 2493 2555 ἐν
2518 2508 2640 2564 ταῖς
2665 2494 2774 2566 μά-

1648 2609 1774 2659 χαις
1836 2586 2131 2656 κινδύνους
2204 2586 2475 2656 πολλάκις
2540 2583 2775 2659 ἡγεμών

1654 2675 2091 2747 ἐκπεμπόμενος
2137 2675 2195 2734 τί
2207 2699 2241 2735 ν
2286 2678 2396 2747 μὲν
2442 2674 2509 2733 ἐκ
2554 2671 2776 2732 τούτων

1652 2765 1881 2835 ἀτιμίαν
1937 2776 2371 2838 προσεποιεῖτο,
2442 2760 2652 2834 ὁμοίως
2711 2761 2772 2817 δὲ

1652 2850 1825 2911 αὑτὸν
1864 2853 1945 2919 εἰς
1981 2853 2080 2920 τὰς
2116 2853 2382 2921 τοιαύτας
2418 2855 2776 2925 λειτουργίας

1654 2940 1937 3009 ἐπιδιδοὺς
1991 2942 2206 3013 πολλὴν
2257 2943 2559 3017 ἐμπειρίαν
2615 2961 2773 3013 περι-

1655 3030 1967 3102 εποιήσατο
2021 3038 2100 3088 τά·
2104 3053 2137 3088 ν
2183 3034 2514 3100 πολεμικῶν
2570 3026 2772 3102 ἔργων.

1758 3118 2051 3186 Ἐπιεικῶς
2104 3120 2165 3176 δὲ
2221 3129 2341 3186 τοῖς
2396 3116 2775 3192 στρατιώταις

1653 3207 2154 3284 προσφερόμενος,
2211 3213 2309 3265 καὶ
2364 3218 2486 3275 ταῖς
2530 3213 2774 3280 δωρεαῖς

1650 3305 1747 3356 καὶ
1773 3309 1891 3364 ταῖς
1920 3295 2162 3367 ὁμιλίαις
2187 3302 2286 3353 καὶ
2313 3307 2773 3372 συμπεριφοραῖς

1651 3386 2090 3460 κεχαρισμέναις
2126 3396 2243 3451 τοῖς
2279 3382 2767 3460 ὑποτεταγμένοις

1648 3474 1969 3550 χρώμενος,
2036 3472 2292 3547 μεγάλην
2356 3472 2639 3533 εὔνοιαν
2705 3473 2767 3532 ἐν

1651 3576 1770 3632 τοῖς
1846 3561 2220 3636 στρατιώταις
2300 3562 2770 3636 περιεποιήσατο.

1759 3656 1866 3710 Καὶ
1907 3658 2022 3708 τῶν
2045 3653 2153 3721 μὲν
2181 3646 2369 3707 ἄλλων
2396 3649 2640 3719 ἕκαστος
2670 3672 2769 3710 πε-

1656 3740 1950 3817 ριφεύγων
1978 3748 2170 3798 πᾶσαν
2195 3739 2257 3797 ἐν
2287 3750 2405 3806 τοῖς
2443 3746 2774 3810 πολεμικοῖς

1658 3829 1849 3904 ἔργοις
1883 3828 2288 3886 κακοπάθειαν
2312 3826 2506 3903 ἡρεῖτο
2535 3828 2636 3902 τὴν
2662 3830 2774 3907 ῥα·

1657 3924 1917 3989 θυμίαν
1954 3924 2052 3975 καὶ
2090 3914 2465 3996 ῥᾳστώνην.
