3217 4900
1387 282 1828 350 —26-

428 463 1176 537 dicitquesibiperDabarem
1235 458 1740 535 συμφερόντων
1766 465 1982 517 διαλε-
2038 454 2110 516 ἄν
2155 454 2356 534 ἐκδῴη.

430 574 500 612 ex
519 555 667 611 Sulla
693 555 962 625 cognitum
987 570 1179 625 posse
1235 549 1553 621 ξάμενος.
2132 553 2287 621 App.
2327 550 2509 603 Num.
2548 549 2619 602 fr.
2660 552 2692 603 5

430 645 936 700 condicionibus
1039 642 1178 698 bel·
2110 636 2172 705 ἐς
2211 638 2319 707 μὲν
2355 633 2659 710 ὑπόκρισιν
2699 633 2791 693 ἐπ’

429 735 559 789 lum
595 735 762 804 poni.
2038 722 2211 784 ἄλλον
2286 725 2535 799 στρατὸν
2601 724 2793 797 περιέ-

2038 835 2279 888 πεμπεν.

478 1001 626 1056 Sall.
664 1000 727 1054 B.
764 1000 813 1054 J.
855 1017 900 1054 c.
944 1001 1063 1069 113,
1100 1000 1136 1053 4
1331 1001 1486 1069 App.
1524 997 1707 1053 Num.
1744 998 1815 1052 fr.
1855 999 1888 1053 5
2171 996 2341 1052 Flor.
2379 997 2424 1063 Ι,
2463 995 2550 1064 36,
2594 996 2660 1051 16

504 1108 721 1161 insidias
759 1107 944 1161 tendit.
1308 1099 1659 1175 ἐνήδρευσαν
1696 1105 1807 1159 ώδε
2009 1130 2014 1135 «
2111 1103 2170 1156 in
2204 1103 2423 1157 insidias
2459 1103 2738 1157 deductus

437 1303 971 1370 Sall.B.J.0.113,6
1115 1302 1294 1356 Diod.
1333 1303 1401 1355 fr.
1441 1301 1509 1356 39
1656 1300 1824 1355 Plut.
1852 1300 1997 1354 Mar.
2035 1317 2079 1354 c.
2124 1300 2191 1355 10
2264 1298 2555 1353 Liv.Per.
2584 1296 2708 1352 libri
2726 1298 2796 1355 66

506 1410 770 1480 «Iugurtha
796 1409 972 1463 Sullae
1118 1412 1215 1463 καὶ
1242 1404 1449 1477 δήσας
1478 1425 1581 1460 πα·
1730 1404 2043 1478 ἐνεχείρισε
2111 1409 2193 1479 τῷ
2336 1407 2603 1461 vinctus
2642 1405 2707 1460 ab
2734 1421 2798 1460 eo
2883 1474 2890 1481 .

437 1500 702 1554 vinctus
748 1499 976 1552 traditur
1048 1497 1265 1569 ρέδωκε
1353 1497 1582 1569 Λευκίῳ
1658 1492 1852 1569 Σίλλᾳ
1878 1498 2065 1564 ζῶντα
2093 1491 2194 1549 τὸν
2266 1498 2323 1550 et
2357 1495 2524 1550 Mario
2571 1495 2800 1550 traditus

439 1590 496 1643 et
513 1588 651 1643 abeo
667 1588 973 1642 adMarium
1048 1582 1243 1661 Σύλλᾳ
1288 1590 1369 1659 τῷ
1412 1585 1584 1660 ταμίᾳ
1653 1582 2038 1656 Ἰουγούρθαν.
2267 1587 2372 1652 est3
2456 1586 2513 1638 in
2574 1601 2680 1654 qua
2738 1600 2801 1639 re

438 1678 699 1732 deductus
738 1680 836 1731 est.
1046 1680 1129 1748 τῷ
1167 1672 1309 1745 πρὸς
1346 1671 1449 1743 τὴν
1480 1690 1583 1728 πα·
1729 1675 1865 1729 Sull
1895 1692 1939 1730 c.
1962 1677 1994 1730 3
2016 1672 2192 1745 παρέ·
2266 1674 2552 1744 praecipua
2639 1689 2807 1744 opera

1049 1761 1295 1834 ράληψιν
1333 1760 1583 1832 ἐκπεμφ-
1658 1766 1809 1818 δωκε
1866 1767 1946 1836 τῷ
1998 1758 2193 1838 Σύλλᾳ
2264 1763 2325 1817 L.
2364 1760 2577 1818 Corneli
2622 1761 2804 1831 Syllae

1048 1851 1225 1908 θέντι.
1658 1849 1760 1908 τὸν
1796 1848 2109 1924 Ἰογόρθαν.
2266 1851 2563 1922 quaestoris
2585 1850 2642 1906 O.
2662 1851 2806 1905 Mari

2266 1941 2389 1995 fuit.

623 2124 928 2208 Eutrop.
976 2125 1181 2207 4‚27:

721 2217 1010 2312 (Marius)
1050 2231 1213 2295 bello
1251 2233 1592 2295 terminum
1631 2233 1844 2316 posuit
1880 2236 2059 2315 capto
2102 2230 2410 2314 Iugurtha
2453 2249 2566 2314 per
2613 2249 2807 2313 quae·

713 2345 943 2400 storem
983 2357 1173 2403 suum
1206 2336 1569 2402 Cornelium
1598 2337 1860 2421 Syllam,
1896 2339 2218 2421 ingentem
2258 2338 2486 2417 virum,
2515 2337 2809 2400 tradente

719 2445 970 2510 Boccho
1018 2445 1407 2529 Iugurtham.

629 2552 787 2617 Val.
837 2551 1024 2616 Max.
1074 2552 1205 2634 VI,
1255 2553 1399 2636 9,6:

672 2711 677 2716 .
716 2659 998 2722 eiusdem
1037 2658 1299 2742 (Sullae)
1337 2660 1547 2723 virtus
1587 2666 1897 2723 catenas
1935 2659 2280 2743 Iugurthae
2320 2658 2611 2722 manibus
2648 2661 2800 2722 inie-

719 2768 820 2829 cit.

629 2959 809 3014 Diod.
847 2960 918 3013 fr.
957 2959 1026 3014 39
1387 2959 1553 3014 Flor.
1591 2960 1636 3028 Ι,
1676 2960 1761 3026 36,
1807 2960 1872 3015 16
2246 2959 2421 3015 Oros.
2460 2960 2510 3027 5,
2552 2961 2616 3014 15

522 3067 600 3134 τῇ
638 3064 706 3120 δὲ
745 3060 998 3121 τούτου
1038 3082 1202 3135 συμ·
1329 3066 1667 3138 (Bocchus)
1740 3066 1830 3121 ubi
1898 3067 2002 3121 dis·
2128 3068 2213 3121 Ex
2256 3083 2321 3122 eo
2365 3067 2610 3121 Bocchus
2654 3082 2812 3137 spem

453 3158 632 3229 φορᾷ
680 3150 801 3223 τὴν
848 3152 1031 3210 ἰδίαν
1070 3172 1200 3210 σω·
1255 3156 1391 3211 fisus
1420 3156 1580 3211 rebus
1605 3157 1718 3211 suis
1743 3157 2002 3212 alienae
2059 3156 2185 3210 belli
2210 3156 2460 3224 abiciam,
2499 3171 2686 3227 pacem
2711 3172 2809 3225 pe-

451 3243 698 3313 τηρίαν
723 3240 1202 3315 πορισάμενος
1258 3244 1465 3301 cladis
1503 3245 1799 3300 accessio
1843 3245 2005 3299 fieri
2056 3245 2181 3299 tivit
2204 3246 2397 3314 atque
2437 3246 2498 3299 in
2521 3246 2810 3316 pretium

451 3327 739 3401 διελύθη
822 3337 939 3402 τῆς
1018 3329 1202 3404 παρὰ
1256 3336 1471 3402 timet,
1528 3335 1812 3405 pretium
1859 3335 2002 3388 foe·
2058 3335 2239 3404 pacis
2292 3335 2676 3403 Jugurtham
2712 3335 2808 3388 do-

453 3413 962 3488 τῶνῬωμαίων
997 3440 1202 3491 τιμω-
1256 3424 1652 3492 derisatque
1672 3423 2003 3478 amicitiae
2056 3424 2108 3478 lo
2134 3426 2346 3494 captum
2380 3424 2688 3493 catenisque
2714 3424 2810 3484 ob-,

453 3510 620 3580 ρίας.
1256 3529 1475 3583 regem
1510 3512 1694 3568 facit.
2058 3514 2240 3567 rutum
2285 3529 2383 3582 per
2419 3512 2618 3582 Syllam
2661 3511 2809 3582 lega-

2058 3604 2173 3657 tum
2225 3603 2284 3671 (1)
2332 3602 2509 3655 misit
2558 3602 2631 3656 ad
2683 3600 2809 3655 Ma-

2061 3707 2244 3746 rium.

637 3868 700 3932 N
703 3889 781 3931 on
823 3868 1023 3952 fugiet
1058 3874 1121 3932 te
1153 3870 1472 3954 aptissime
1504 3889 1742 3952 omneS,
1781 3889 1941 3955 quos
1971 3870 2246 3953 laudavi,
2282 3873 2614 3955 scriptores
2644 3872 2811 3935 inter

456 3993 595 4039 sese
641 3976 988 4040 cohaerere.
1058 3974 1222 4039 Nam
1272 3978 1440 4061 quod
1489 3976 1656 4042 Plut.
1696 3977 1853 4042 Sull.
1891 3997 1941 4043 c.
1984 3979 2021 4040 3
2071 3977 2248 4042 Sulla
2293 3979 2427 4064 ipse
2464 3997 2531 4042 se
2565 3977 2809 4064 profec-

457 4087 676 4146 turum
723 4102 860 4147 esse
905 4103 1052 4147 cum
1092 4081 1294 4147 Mario
1340 4085 1766 4149 communicat
1810 4087 2159 4169 paucisque
2195 4103 2409 4149 secum
2450 4085 2654 4149 ductis
2690 4086 2810 4148 mi-

457 4190 678 4254 litibus
728 4210 1053 4255 summum
1098 4190 1230 4255 adit
1271 4189 1650 4277 periculum,
1696 4211 1842 4256 cum
1890 4193 2057 4279 apud
2106 4191 2477 4275 Sallustium
2523 4212 2563 4255 a
2607 4190 2809 4255 Mario
