3217 4900
1552 1444 1617 1538 Ι.

503 1677 676 1769 Quo
734 1675 967 1756 fonte
1015 1675 1516 1756 Plutarchus
1571 1675 1660 1754 in
1717 1676 2141 1774 capitibus
2199 1675 2310 1756 ad
2356 1676 2669 1757 bellum

726 1818 1313 1917 Iugurthinum
1369 1818 1996 1917 pertinentibus
2052 1839 2256 1899 usus
2311 1819 2447 1899 sit.

1513 2191 1664 2276 gl.

597 2316 772 2392 Quos
824 2317 1028 2380 fontes
1075 2316 1458 2380 Plutarchus
1504 2319 1572 2379 in
1619 2316 2087 2380 conscribendis
2134 2316 2357 2380 Marii
2404 2322 2467 2380 et
2512 2317 2763 2382 Sullae

412 2427 561 2488 vitis
601 2424 977 2505 adhibuerit,
1017 2443 1400 2508 quamquam
1445 2425 1640 2488 semel
1678 2429 1868 2509 atque
1905 2426 2134 2488 iterum
2174 2424 2556 2488 studuerunt
2584 2424 2764 2489 inda-

416 2553 568 2616 gare
614 2533 735 2594 viri
776 2531 959 2611 docti,
1005 2537 1214 2593 tamen
1255 2531 1551 2594 nonnulli
1589 2533 1743 2594 mihi
1782 2537 2193 2595 occurrerunt
2229 2533 2369 2614 loci,
2419 2533 2496 2595 de
2533 2532 2763 2616 quibus

416 2641 770 2701 accuratius
832 2639 1264 2701 disserendum
1325 2658 1460 2701 esse
1518 2657 1824 2701 censeam.
1916 2639 2015 2701 Ac
2071 2641 2346 2721 primum
2396 2640 2650 2723 quidem
2698 2641 2763 2702 in

415 2748 494 2808 iis
531 2746 859 2830 capitibuS,
908 2764 1070 2828 quae
1108 2746 1185 2807 ad
1225 2744 1506 2808 bellum
1548 2745 2091 2829 Iugurthinum
2129 2746 2515 2829 pertinent‚1)
2556 2748 2767 2810 omnia

418 2854 719 2935 originem
782 2872 863 2914 ex
921 2851 1180 2916 Sullae
1237 2854 1804 2916 commentariis
1862 2853 2113 2916 ductam
2170 2872 2320 2936 prae
2376 2873 2443 2917 se
2497 2853 2659 2917 ferre
2706 2860 2767 2916 et

421 2958 798 3039 Kienius2)
857 2966 918 3021 et
974 2959 1359 3042 Peterusss)
1405 2960 1740 3042 putabant,
1797 2961 2092 3023 commoti
2138 2962 2439 3022 nimirum
2488 2961 2767 3040 consilio,

421 3086 545 3149 quo
583 3066 691 3128 illa
730 3068 933 3148 capita
970 3067 1200 3148 scripta
1238 3072 1406 3145 sunt,
1446 3065 1646 3129 Mario
1684 3067 2137 3129 inimicissimo.
2216 3067 2435 3130 Altera
2474 3086 2556 3129 ex
2593 3072 2768 3150 parte

421 3172 845 3249 Klebsius4)
906 3174 1279 3255 comparatis
1327 3171 1587 3235 Sallusti
1643 3172 1853 3236 verbis
1909 3177 2194 3255 apertum
2253 3193 2389 3236 esse
2445 3174 2769 3238 contendit

423 3299 496 3342 ea
543 3300 706 3363 quae
746 3279 1125 3342 Plutarchus
1174 3279 1249 3341 de
1287 3278 1450 3342 bello
1494 3279 1873 3362 Iugurthino
1919 3280 2141 3359 tradat,
2188 3281 2456 3344 oriunda
2503 3300 2641 3346 esse
2689 3303 2770 3345 ex

421 3386 611 3465 fonte,
661 3386 830 3448 unde
878 3387 1064 3448 etiam
1114 3385 1453 3449 Sallustius
1501 3387 1797 3449 hauserit.
1892 3384 2285 3450 Consensum
2333 3394 2543 3452 autem
2591 3388 2769 3451 Plut-

422 3494 593 3556 archi
633 3504 693 3555 et
726 3493 981 3555 Sallusti
1022 3493 1110 3554 ita
1142 3492 1430 3555 effectum
1467 3511 1621 3572 esse,
1661 3497 1732 3555 ut
1764 3491 2140 3556 Plutarchus
2179 3492 2476 3557 Livium
2515 3501 2768 3557 secutus

386 3603 520 3682 sit,
579 3603 688 3683 qui
745 3618 827 3661 ex
874 3599 1093 3661 eodem
1142 3604 1396 3662 auctore
1443 3609 1636 3682 atque
1683 3598 2021 3663 Sallustius
2067 3620 2184 3664 sua
2229 3602 2581 3683 sumpserit.
2673 3603 2769 3662 Ac

423 3710 783 3790 nuperrime
807 3705 1181 3769 Camillus
1208 3705 1576 3768 Vitellius
1593 3707 1637 3787 5>
1658 3706 2197 3787 similitudinibuS,
2223 3726 2384 3790 quae
2407 3709 2572 3769 inter
2592 3705 2768 3768 Plut-

602 3877 641 3943 l)
680 3877 809 3931 Mar.
837 3896 887 3936 c.
916 3880 1108 3946 7-10,
1135 3879 1261 3933 Sull.
1296 3897 1339 3933 c.
1367 3882 1416 3933 3.
1482 3880 1521 3948 ²)
1551 3882 1610 3933 A.
1633 3881 1824 3948 Kiene⁷
1850 3882 1946 3934 der
1970 3881 2244 3935 romische
2265 3881 2769 3949 Bandesycnossen—

421 3946 587 4014 kriey,
625 3947 844 4018 Leipzig
883 3952 1036 4015 1845,
1075 3967 1125 4018 p.
1164 3951 1268 4004 233
1308 3967 1384 4019 sq.
1463 3951 1502 4019 ⁸)
1527 3952 1596 4004 H.
1623 3953 1802 4017 Peter,
1846 3953 1937 4005 die
1983 3951 2200 4016 Ouellen
2235 3953 2527 4005 Plutarchs
2565 3952 2632 4005 in
2666 3953 2771 4005 den

424 4018 829 4085 Bioqrapkieen
867 4023 964 4075 der
1000 4023 1228 4086 Ronaer,
1280 4022 1436 4075 Halle
1478 4023 1640 4090 1865,
1686 4040 1737 4090 p.
1777 4025 1842 4076 57
1884 4040 1970 4092 sq,
2013 4024 2114 4078 100
2152 4040 2231 4092 sq.
2302 4024 2345 4090 ⁴)
2383 4024 2441 4075 E.
2481 4023 2669 4090 KlebS,
2707 4024 2771 4076 de

423 4089 794 4157 scriptoribus
831 4093 1036 4146 aetatis
1078 4093 1356 4155 Sullanae,
1395 4094 1520 4146 diss.
1558 4095 1733 4162 inaug.
1772 4094 2008 4147 Berolini
2049 4094 2202 4160 1876,
2241 4112 2289 4162 p.
2331 4095 2399 4148 49
2437 4110 2514 4162 sq.

604 4160 643 4226 ⁵)
666 4163 938 4218 Cammillo
948 4164 1147 4231 Vitelli,
1161 4164 1297 4217 Note
1315 4165 1380 4217 ed
1389 4166 1649 4233 Appwnti
1665 4165 1788 4216 sull'
1806 4165 2231 4234 Autobioyrafia
2255 4165 2318 4218 di
2331 4165 2503 4218 Lucio
2524 4166 2770 4219 Cornelio

434 4232 589 4297 Silla,
632 4234 783 4287 Studi
819 4235 1020 4289 italiam·
1057 4236 1111 4289 di
1147 4235 1297 4289 Filol.
1337 4235 1489 4290 class.
1528 4235 1629 4289 vol.
1670 4235 1771 4302 VI,
1810 4235 2233 4291 Firenze-Roma
2270 4236 2423 4304 1898,
2462 4253 2511 4305 p.
2552 4238 2653 4292 353
2693 4254 2769 4305 sq.
