3217 4900
1365 330 1810 396 ...23-

497 504 945 577 Λῃστευθέντας
1086 526 1132 564 ο.
1162 509 1283 578 103,
1320 510 1357 563 4
1378 509 1437 563 in
1460 509 1547 564 iti·
2295 505 2436 564 Plut.
2476 505 2605 563 Suu.
2633 525 2680 565 0.
2708 508 2761 566 3.

403 594 451 651 δ’
479 591 545 652 ἐν
565 591 686 670 ἱδῷ
704 599 774 652 of.
797 615 848 667 p.
869 597 938 651 21
1013 614 1146 653 nore
1208 615 1241 652 a
1312 598 1549 654 Gaetulis
2225 592 2580 668 πρεσβευτὰς
2651 616 2763 669 γαρ

1012 687 1305 742 latronibus
1319 689 1547 744 circum-
2226 683 2402 741 αὐτοί
2458 681 2764 757 λῃστήριον

1012 776 1163 831 venti
1199 777 1269 832 of.
1309 793 1359 847 p.
1397 776 1465 832 21
2225 772 2557 844 Νομαδικὸν
2592 772 2763 845 ἐκφυ-

2225 859 2434 935 γόντας
2470 865 2541 920 cf.
2580 881 2630 935 p.
2672 864 2761 919 21.

1084 1043 1130 1082 0.
1155 1026 1547 1094 104‚4Romae
1691 1029 1828 1098 περὶ
1884 1023 1992 1093 μὲν
2043 1029 2160 1081 τῶν

1011 1116 1200 1186 legatis
1238 1117 1370 1185 eius,
1403 1118 1548 1187 post-
1622 1110 2133 1187 ἡμαρτημένων

1014 1222 1173 1276 quam
1291 1221 1549 1262 errasse
1678 1200 2097 1272 αἰτούμενος

1014 1310 1198 1364 regem
1253 1297 1309 1350 et
1352 1295 1548 1365 Jugux-
1670 1287 2111 1364 συγγνώμην,

1014 1384 1138 1439 thae
1187 1384 1394 1441 scelere
1439 1384 1552 1455 lap-
1625 1380 1842 1448 ἅξιῶν
1916 1378 1978 1436 δὲ
2053 1399 2159 1450 φι-

1016 1489 1136 1528 sum
1205 1474 1552 1545 deprecati
1625 1473 1781 1526 λίαν
1832 1468 2159 1526 συνθέσθαι

1016 1562 1553 1631 sunt‚amioitiam

1017 1652 1075 1706 et
1099 1651 1290 1707 foedus
1326 1653 1550 1723 peten-

1015 1740 1196 1796 tibus
1233 1742 1336 1796 eto.

1087 1903 1269 1970 0.103,
1296 1904 1325 1956 7
1354 1901 1547 1972 copias,
1694 1902 1794 1956 καὶ
1817 1902 2000 1955 πολλα
2028 1916 2161 1954 κατ-

1013 1990 1211 2059 fidem‚
1284 1990 1546 2060 magnitu-
1641 1984 2140 2061 επαγγελλίμενος

1015 2078 1197 2134 dinem
1215 2081 1359 2150 regis
1384 2082 1467 2134 sui
1494 2081 1551 2134 et
1617 2072 1965 2150 χρήσιμος
2041 2070 2161 2132 ἔσε-

1016 2167 1132 2233 alia,
1155 2185 1291 2237 quae
1312 2171 1405 2224 aut
1427 2169 1550 2224 uti·
1624 2171 1764 2224 σθαι
1792 2161 2102 2235 Ῥωμαίοις.

1014 2257 1128 2326 lia,
1185 2260 1279 2313 aut
1334 2258 1550 2314 benivo-

1013 2346 1213 2403 lentiae
1267 2363 1387 2403 esse
1433 2364 1550 2404 ore-

1015 2436 1240 2507 debant,
1314 2438 1552 2495 oratione

1017 2526 1228 2582 tollunt.

1088 2688 1279 2760 0.104,
1299 2687 1333 2741 2
1361 2688 1548 2757 legatis
1594 2715 1600 2720 ·
1693 2689 1795 2743 τοῦ
1835 2686 1895 2742 δὲ
1929 2689 2161 2758 Μαρίου

1013 2778 1253 2845 potestas
1324 2777 1549 2832 Romam
1622 2769 2004 2840 κελεύσαντος
2028 2779 2163 2847 περὶ

1015 2866 1179 2920 eundi
1214 2866 1285 2920 fit
1319 2866 1385 2921 ab
1423 2882 1550 2921 con·
1623 2860 1844 2922 τούτων
1880 2861 2161 2937 πρεσβεύ-

1014 2955 1147 3010 sule.
1628 2974 1713 3011 ειν
1736 2951 1881 3027 πρὸς
1908 2950 2010 3024 τὴν
2029 2950 2160 3024 σύγ-

1625 3048 1848 3113 κλητον,

2248 3114 2394 3169 CaSS.
2431 3114 2587 3168 Dion.
2627 3113 2661 3166 1.
2705 3111 2740 3167 1.

1694 3202 1724 3259 ὃ
1754 3202 1861 3272 μὲν
1889 3199 2156 3274 βασιλεὺς
2298 3204 2395 3255 καὶ
2423 3221 2454 3256 o
2486 3201 2594 3269 μὲν
2631 3200 2765 3272 πρέ-

1623 3290 2030 3359 ἐξαπέστειλεν
2077 3290 2156 3355 εἰς
2231 3293 2387 3361 σβεις
2415 3288 2472 3355 ἐς
2500 3288 2602 3359 τὴν
2633 3283 2765 3345 Ῥώ-

1621 3376 1935 3452 τὴν“ῑ)ιύμην
2018 3398 2155 3451 πρε·
2228 3398 2340 3448 μην
2379 3373 2653 3449 ἔπεμψεν,

1622 3469 1866 3544 σβευτάς
1884 3473 2016 3541 περὶ
2030 3465 2157 3526 τού-

1621 3580 1754 3626 των,

1088 3724 1268 3789 0.104,
1291 3725 1323 3777 5
1344 3722 1550 3791 (legatis
1697 3714 1724 3773 ff
1758 3720 1819 3776 δὲ
1844 3716 2162 3790 σύγκλητος

1016 3830 1049 3868 a
1075 3813 1285 3881 senatu)
1309 3813 1412 3865 hoo
1437 3825 1549 3864 mo·
1626 3804 1819 3873 αὐτοῖς
1855 3804 2161 3880 ἀπόκρισιν

1016 3903 1082 3956 (10
1172 3901 1548 3968 respondetur:
1628 3892 1842 3953 ἔδωκεν
1892 3891 2162 3952 ἁπάντων

1016 4029 1243 4045 .....
1279 3991 1470 4045 foedus
1495 3992 1553 4043 et
1623 3983 1936 4053 τεύξεσθαι
2045 3988 2163 4039 τῶν

1017 4079 1248 4133 amicitia
1265 4078 1547 4146 dabuntur,
1625 4072 2162 4147 φιλανθρώπωντὸν

1016 4184 1141 4222 cum
1175 4168 1450 4221 meruerit.
1626 4161 1871 4235 Βόκχον,
1904 4161 2007 4220 ἐὰν
2034 4160 2161 4219 Μά-

1623 4273 1747 4326 ριον
1782 4255 1971 4323 πείσῃ.
