3217 4900
1395 285 1831 350 ..39-

613 459 842 547 Neque
876 467 1089 527 tamen
1127 469 1330 529 totum
1363 468 1552 550 caput
1584 463 1923 530 Plutarcho
1955 446 2459 532 adiudicandum⁴
2476 470 2587 549 est,
2624 484 2782 551 quo-

432 571 607 633 niam
651 572 787 655 ipse
831 570 1028 635 verbo
1073 568 1323 657 λέγεται
1368 570 1706 636 confitetur
1752 591 1890 637 sese
1933 572 2094 638 fonti
2140 572 2393 638 cuidam
2436 572 2631 637 verba
2666 592 2784 637 sua

434 676 676 741 debere.
749 676 952 753 Quem
997 678 1236 743 fontem
1282 684 1354 743 ut
1399 680 1825 764 exploremus,
1867 681 2039 763 haec,
2085 699 2341 766 quaeso,
2386 699 2634 744 mecum
2675 680 2780 744 de-

431 783 687 849 liberes:
749 782 932 860 Quod
981 784 1222 859 Marius
1276 788 1342 850 in
1390 787 1610 871 templi
1657 787 1988 851 cuiusdam
2042 787 2432 852 dedicatione
2486 789 2549 850 in
2610 787 2781 850 thea-

430 896 604 954 trum
642 893 756 956 vix
785 894 1110 978 ingressus
1147 895 1358 958 statim
1407 893 1617 958 abisse
1661 899 1973 969 narratur,
2018 895 2174 959 haec
2217 913 2319 959 res
2363 895 2571 958 minor
2606 892 2779 958 dictu

430 1004 590 1079 erat,
649 1019 838 1084 quam
896 1005 969 1063 ut
1022 1016 1311 1064 sermone
1365 1002 1697 1066 hominum
1751 1019 1865 1086 per
1919 1001 2152 1066 multos
2197 1020 2397 1066 annos
2442 1001 2781 1065 memoriae

430 1106 592 1168 tradi
646 1112 881 1191 posset:
938 1107 1162 1171 litteris
1215 1128 1360 1186 man
1370 1107 1514 1172 data
1570 1113 1666 1171 est
1710 1127 1756 1171 a·
1794 1105 1983 1171 Marii
2028 1108 2294 1193 aequali.
2386 1106 2584 1172 Cuius
2632 1127 2778 1172 vero

429 1214 712 1296 aequalis
758 1215 958 1297 magis
1004 1215 1330 1295 intererat,
1377 1220 1594 1279 utrum
1643 1212 1883 1278 Marius
1931 1213 2185 1279 Graecis
2231 1216 2456 1279 litteris
2500 1215 2781 1278 studeret

428 1338 656 1403 necne,
708 1322 812 1383 cui
857 1321 1234 1405 praeclarior
1280 1322 1523 1386 occasio
1571 1320 1779 1385 oblata
1826 1328 1921 1385 est
1965 1322 2331 1406 quaerendi,
2376 1340 2656 1406 quanam
2702 1321 2778 1384 de

428 1446 619 1490 causa
665 1428 905 1491 litteras
954 1426 1223 1492 Graecas
1269 1433 1609 1513 sperneret,
1657 1448 1850 1512 quam
1895 1427 2354 1493 Posidonio?
2444 1427 2612 1492 Nam
2656 1429 2779 1510 hic,

428 1553 573 1598 cum
610 1532 1003 1600 Rhodiorum
1041 1536 1285 1619 legatus
1322 1555 1490 1601 anno
1527 1557 1580 1600 a.
1615 1534 1756 1600 Chr.
1791 1555 1849 1599 n.
1878 1538 2257 1619 octogesimo
2296 1541 2476 1600 sexto
2514 1537 2776 1599 ineunte

430 1639 664 1706 Romae
711 1643 974 1725 adesset,
1019 1662 1165 1706 cum
1209 1642 1406 1707 Mario
1453 1643 1805 1708 collocutus
1850 1648 1959 1707 est.
2027 1642 2261 1707 Tamen
2310 1661 2391 1707 ne
2432 1648 2618 1728 putes
2660 1661 2776 1708 nos

433 1751 671 1812 somnia
709 1749 891 1813 nobis
935 1747 1192 1833 fingere,
1238 1749 1521 1814 conferas
1567 1750 1715 1814 Sall.
1756 1749 1827 1815 Β.
1866 1749 1917 1815 Ι.
1955 1769 2006 1815 c.
2047 1751 2271 1833 85,32:

2140 1942 2292 1998 Sall.

1759 2049 1950 2118 Neque
2014 2048 2281 2103 litteras
2337 2049 2621 2104 Graecas
2684 2050 2774 2103 di-

1651 2139 1805 2193 dici:
1872 2154 2098 2206 parum
2152 2137 2460 2206 placebat
2513 2154 2621 2193 eas
2675 2139 2773 2192 di-

1651 2243 1866 2295 scere,
1894 2228 2136 2296 quippe
2163 2243 2325 2296 quae
2352 2228 2426 2281 ad
2451 2227 2769 2281 virtutem

1616 2317 2036 2373 ,doctoribus
2072 2315 2242 2370 nihil
2277 2317 2688 2384 profuerant.

897 1942 1063 1997 Plut.

532 2046 781 2118 Λέγεται
838 2047 898 2103 dt
964 2045 1107 2116 μήτε
1171 2044 1544 2120 γράμματα

421 2141 684 2205 μαθεῖν
723 2133 1082 2206 Ἑλληνικὰ
1127 2134 1273 2207 μήτε
1319 2133 1542 2209 γλώττῃ

420 2222 566 2297 πρὸς
609 2224 788 2295 μηδὲν
819 2220 1093 2296 Ἑλληνίδι
1134 2230 1389 2298 χρῆσθαι
1428 2231 1543 2282 τῶν

420 2319 674 2384 σπουδῆς
732 2313 1041 2385 ἐχομένων,
1110 2310 1196 2379 ὡς
1260 2319 1543 2387 γελοῖον

420 2398 798 2475 γράμματα
826 2400 1217 2473 μανθάνειν
1245 2395 1336 2460 ὧν
1364 2403 1427 2460 οὶ
1455 2412 1544 2459 ὀι-

422 2488 766 2548 δάσκαλοι
812 2491 1221 2550 δουλεύοιεν
1258 2491 1543 2565 ἑτέροις.

603 2672 744 2750 Quo
795 2677 928 2741 loco
976 2678 1170 2742 allato
1217 2696 1333 2741 nos
1392 2696 1541 2741 vera
1596 2677 1835 2740 dixisse
1895 2682 2167 2761 apparet,
2218 2678 2518 2762 quoniam
2564 2676 2768 2740 Sallu-

418 2784 612 2846 stium
655 2782 724 2846 B.
764 2783 812 2846 I.
850 2804 901 2847 c.
942 2786 1117 2863 84‚1;
1167 2804 1217 2847 c.
1258 2785 1361 2865 85,
1414 2783 1511 2846 16.
1549 2784 1649 2848 17.
1690 2785 1804 2864 293
1853 2803 1904 2847 c.
1943 2782 2048 2865 86,
2086 2786 2257 2847 2-5
2304 2783 2623 2848 Posidonii
2661 2801 2767 2847 ve-

423 2891 605 2973 stigia
650 2897 960 2954 sectatum
1007 2910 1143 2954 esse
1189 2893 1315 2954 iam
1363 2911 1555 2976 supra
1601 2892 1989 2975 argumentis
2036 2890 2568 2955 confirmavimus,

595 2994 866 3081 Capitis
919 2999 1123 3064 tertii
1180 2998 1404 3062 Peter
1419 3017 1505 3061 us
1560 3004 1908 3061 extremam
1944 3003 2187 3083 partem
2224 3002 2377 3060 cum
2408 2994 2550 3061 Val.
2589 2995 2770 3062 Max.

425 3101 597 3184 VIII,
649 3104 790 3184 15‚7
841 3107 1215 3189 composuit;
1263 3123 1379 3169 nos
1417 3103 1675 3188 capitis
1712 3105 1952 3190 quarti
1992 3103 2284 3171 initium
2322 3104 2764 3167 adiunximus:

892 3297 1061 3354 Plut.
2035 3271 2172 3351 Va'l.
2210 3296 2370 3351 Max.

520 3401 771 3474 Λέγεται
811 3401 872 3458 δὲ
910 3406 1007 3459 καὶ
1045 3403 1321 3474 πολέμιον
1357 3399 1535 3477 ἄνδρα

412 3488 626 3557 συστὰς
691 3497 1038 3564 καταβαλεῖν
1103 3490 1167 3548 ἐν
1230 3485 1367 3564 ὄψει
1432 3495 1535 3549 τοῦ

413 3583 757 3653 στρατηγοῦ.
853 3577 952 3636 Διὸ
1026 3588 1147 3646 ταῖς
1209 3600 1273 3637 τε
1339 3575 1534 3647 ἄλλαις

412 3666 703 3742 προήγετο
760 3678 948 3738 τιμαῖς
1001 3662 1104 3725 ὑπ’
1164 3665 1355 3733 αὐτοῦ,
1415 3671 1532 3724 καί

1749 3582 1904 3650 quod,
1943 3597 2067 3635 cum
2103 3580 2242 3648 apud
2279 3578 2623 3634 Numantiam
2661 3579 2760 3634 sub

1642 3685 1705 3723 eo
1741 3670 1877 3725 duce
1914 3668 2186 3738 equestria
2219 3668 2484 3736 stipendia
2525 3670 2764 3722 mereret

411 3776 585 3813 ποτε
623 3755 835 3828 λόγου
871 3754 1043 3827 μετὰ
1092 3761 1377 3815 δεῖπνον
1417 3755 1528 3827 ἐμ-

412 3844 759 3912 πεσόντος
829 3842 1005 3917 ὖπὲρ
1089 3850 1525 3918 στρατηγῶν,

410 3937 527 3989 καὶ
583 3938 713 3989 τῶν
770 3932 1139 4007 παρόντων
1199 3932 1351 4001 ἑνὸς
1413 3931 1529 3992 εἴτε

410 4018 642 4092 ἀληθῶς
697 4021 1152 4097 διαπορήσαντος
1209 4020 1325 4080 εἴτε
1387 4020 1531 4094 πρὸς

407 4107 1527 4183 ἡδονὴνἐρομένουτὸνΣκηπΙωνα,

409 4200 568 4255 τίνα
639 4197 713 4271 δὴ
780 4206 1105 4260 τοιοῖτον
1170 4197 1321 4268 ἕξει
1384 4198 1527 4269 μετ’

1640 3761 1706 3814 et
1747 3759 1926 3813 forte
1980 3758 2162 3812 inter
2216 3774 2443 3812 cenam
2496 3756 2762 3825 quidam

1638 3847 2012 3917 Scipionem
2091 3847 2614 3915 interrogasset,
2706 3846 2763 3900 si

1639 3937 1791 4006 quid
1841 3935 1946 3989 illi
1993 3935 2376 4003 accidisset,
2422 3951 2761 4003 quemnam

1637 4041 1745 4080 res
1826 4023 2092 4095 publica
2170 4040 2373 4093 aeque
2465 4040 2759 4094 magnum

1636 4113 1949 4168 habitura
2020 4116 2202 4167 esset
2266 4112 2758 4182 imperatorem,

1637 4202 2010 4272 respiciens
2082 4217 2150 4256 se
2225 4201 2280 4270 [i.
2354 4217 2402 4256 e.
2463 4200 2757 4271 Marium]
