3217 4900
1351 277 1789 341 ...15-

511 452 700 507 Ταῦτα
748 448 934 507 πάντα
992 454 1175 506 ποιῶν
1212 444 1244 507 ὃ
1297 446 1520 524 Μάριος
1746 453 1838 507 Ων
1904 451 1966 507 δὲ
2034 448 2246 521 εὐφυὴς
2312 448 2455 523 πρὸς
2524 472 2752 523 αγωνας

398 543 496 595 καὶ
551 537 643 596 διὰ
699 538 923 596 τούτων
976 537 1109 606 τοὺς
1165 538 1520 612 στρατιώτας
1627 544 1724 597 καὶ
1742 537 2040 606 κινδύνους
2061 545 2160 597 καὶ
2189 536 2429 605 τούτους
2444 534 2752 608 ὑπομένων

397 632 776 701 δημαγωγεῖν,
844 648 924 683 τα
933 626 1010 699 xi.
1077 628 1186 697 μὲν
1241 628 1517 700 ἐνέπλησε
1629 626 1968 701 προθύμως,
2009 626 2181 702 ταχὺ
2220 626 2475 701 μεγάλην
2514 621 2751 698 ἐκτήσα-

394 715 500 788 τὴν
538 715 773 791 Λιβύην,
832 715 1000 790 ταχὺ
1052 717 1114 773 δὲ
1161 715 1264 787 τὴν
1298 712 1520 788 Ῥώμην
1628 737 1696 774 το
1733 714 1969 788 δύναμιν
2005 722 2104 773 καὶ
2143 714 2317 785 δόξαν
2357 715 2445 772 ἐπ’
2484 715 2750 792 ἀνδρείᾳ,-

396 804 684 876 ὀνόματος
719 809 818 862 καὶ
856 805 1037 878 δόξης.
1626 808 1758 862 item
1809 803 2034 872 Πάντες
2070 806 2204 879 ’γὰρ
2266 811 2364 876 τῆς
2421 803 2754 877 εὐεργεσίας

1624 892 1793 967 χάριν
1859 892 2232 961 ἀποδιδόντες
2299 893 2361 952 ἐν
2420 904 2544 960 ταῖς
2606 891 2752 963 μετὰ

1630 981 1835 1040 τούτου
1881 981 2090 1055 μάχαις
2132 980 2572 1056 φιλοτιμότερον
2607 981 2753 1055 ἠγω-

1629 1075 1877 1141 νίζοντο,
1953 1070 2332 1142 συναύξοντες
2405 1071 2583 1128 αὐτοῦ
2650 1069 2756 1141 τὴν

1632 1155 1961 1232 ἡγεμονίαν.

586 1360 915 1444 Intellegis
951 1363 1017 1423 in
1056 1360 1246 1425 rebus
1284 1361 1435 1445 ipsis
1466 1360 1879 1425 Plutarchum
1919 1381 2066 1425 cum
2097 1359 2374 1424 Diodoro
2411 1380 2758 1445 congruere

415 1489 605 1552 quam
669 1470 929 1553 optime,
985 1488 1127 1531 cum
1196 1472 1463 1550 uterque
1518 1467 1726 1531 Mario
1792 1488 1937 1532 cum
1996 1467 2249 1532 Metello
2313 1467 2759 1551 nobilibusque

416 1577 767 1639 inimicitias
807 1575 1113 1658 quasdam
1151 1576 1577 1638 intercessisse
1615 1574 1948 1659 significet,
1993 1595 2138 1638 cum
2179 1579 2446 1658 uterque
2484 1573 2754 1637 Marium

426 1690 484 1745 et
522 1684 785 1746 militem
832 1687 1161 1746 strenuum
1211 1686 1273 1745 et
1320 1682 1541 1745 ducem
1585 1689 1840 1767 propter
1876 1680 2265 1766 singularem
2302 1682 2757 1745 humanitatem

421 1795 597 1872 atque
643 1791 1006 1854 comitatem
1051 1790 1245 1870 vulgo
1292 1789 1566 1851 militum
1616 1792 1893 1852 maxime
1941 1797 2266 1872 acceptum
2306 1789 2501 1853 fuisse
2538 1789 2756 1853 tradat.

413 1897 529 1971 Sed
570 1904 721 1961 sunt
757 1896 1156 1959 nihilosetius
1196 1896 1506 1979 quaedam
1547 1897 1982 1960 discriminum
2020 1896 2640 1979 differentiarumque
2671 1906 2758 1957 te-

409 2006 697 2068 nuitates.
805 2003 999 2085 Apud
1047 2001 1397 2066 Diodorum
1445 2006 1619 2066 enim
1667 2003 1959 2067 Metellus
2007 2006 2161 2086 agit,
2222 2002 2458 2066 Marius
2505 2005 2757 2087 patitur,

408 2111 539 2192 vel,
599 2117 671 2174 ut
731 2111 983 2194 planius
1040 2111 1275 2192 dicam,
1336 2109 1575 2173 Marius
1632 2112 1977 2174 inveterata
2033 2111 2305 2194 quadam
2363 2112 2759 2193 optimatium

410 2219 707 2302 opinione
754 2225 815 2281 et
861 2216 1159 2300 superbia
1206 2219 1605 2301 opprimitur;
1658 2219 1824 2300 apud
1876 2217 2291 2281 Plutarchum
2332 2217 2569 2280 Marius
2616 2219 2761 2301 agit,

410 2323 703 2389 Metellus
756 2326 1019 2409 patitur,
1073 2324 1177 2387 vel
1231 2327 1509 2408 planius,
1570 2324 1808 2387 Marius
1864 2325 2012 2388 inde
2068 2346 2104 2387 a
2161 2326 2467 2408 principio
2528 2323 2761 2387 Metelli

415 2433 681 2516 gratiam
723 2433 1026 2516 aucupari
1071 2470 1158 2479 —
1207 2433 1272 2496 id
1320 2432 1490 2515 quod
1538 2433 1766 2516 reliqui
1807 2432 2048 2497 faciunt
2087 2470 2166 2478 -—
2208 2452 2337 2495 non
2376 2439 2567 2494 curat.
2638 2428 2698 2494 Ν
2702 2449 2761 2493 e-

416 2560 540 2623 que
597 2546 806 2603 tamen
857 2559 930 2602 ea
978 2540 1307 2603 diversitas
1354 2546 1527 2603 tanta
1575 2546 1697 2614 est,
1754 2547 1824 2603 ut
1872 2561 1953 2604 ex
2001 2543 2137 2625 ipso
2189 2540 2521 2621 utriusque
2568 2540 2761 2621 scrip-

415 2649 567 2710 toris
614 2647 877 2710 consilio
924 2666 1052 2709 non
1100 2648 1295 2730 possit
1345 2647 1667 2730 explicari.
1737 2646 1903 2710 Nam
1950 2668 2095 2710 cum
2145 2646 2502 2726 Posidonio,
2549 2652 2763 2728 utpote

417 2756 525 2836 qui
573 2755 867 2817 historias
913 2753 1230 2836 scriberet,
1277 2773 1402 2815 non
1452 2753 1671 2816 liceret
1709 2753 1908 2816 Mario
1949 2755 2154 2837 legato
2193 2755 2518 2838 imponere
2541 2770 2764 2835 ⁴perso-

414 2880 563 2922 nam
599 2862 919 2944 principiS,
968 2859 1308 2942 Plutarchi,
1357 2866 1427 2922 ut
1462 2863 1740 2923 vitarum
1780 2863 2118 2945 scriptoris,
2155 2860 2429 2923 multum
2470 2861 2766 2922 intererat

413 2987 590 3047 eum,
636 2970 839 3031 cuius·
867 2969 1061 3029 vitam
1109 2969 1513 3049 expositurus
1561 2975 1724 3049 erat,
1772 2988 1964 3051 quam
2010 2970 2289 3030 maxime
2336 2975 2625 3048 agentem
2674 2966 2762 3026 in-

414 3075 762 3138 troducere.
840 3073 963 3137 Sed
1010 3080 1205 3137 restat
1254 3095 1380 3136 una
1427 3073 1764 3137 difficultas
1812 3095 1848 3137 a
1897 3074 2126 3137 Kienio
2173 3075 2445 3153 laudata,
2493 3075 2603 3154 qui
2653 3073 2763 3134 du-

416 3183 506 3244 cis
545 3180 892 3264 militisque
930 3183 1196 3243 summis
1235 3180 1579 3243 virtutibus
1612 3181 1806 3244 verbo
1838 3181 2231 3268 δημαγωγῶν
2262 3182 2532 3263 speciem
2568 3200 2766 3263 quan-

415 3288 559 3350 dam
606 3289 961 3351 iactationis
1008 3288 1327 3370 popularis
1366 3288 1689 3350 conciliari
1728 3289 1914 3368 dixit3
1965 3307 2155 3370 quam
2196 3287 2627 3350 difficultatem
2656 3286 2765 3347 Vi·

416 3396 625 3458 tellius
671 3415 728 3478 p.
765 3396 896 3457 358
943 3403 1318 3478 comparatis
1356 3395 1615 3458 Sallusti
1664 3395 1876 3458 verbis
1924 3395 2142 3458 tollere
2188 3396 2420 3457 frustra
2457 3395 2766 3474 studuitl)

414 3499 645 3584 Neque
692 3504 865 3564 enim
909 3500 1049 3564 fieri
1094 3510 1327 3585 potest,
1374 3507 1442 3564 ut
1490 3502 1886 3589 ὄημαγιιψῶν
1930 3504 2018 3565 ita
2065 3505 2566 3585 interpretemur,
2613 3521 2769 3584 quo-

415 3609 603 3672 modo
629 3608 928 3673 Vitellius
967 3610 1415 3692 interpretatus
1454 3619 1566 3688 est,
1604 3611 1906 3692 quoniam
1945 3609 2341 3697 δημαγωγεῖν
2376 3610 2451 3671 in
2490 3609 2769 3670 militia

418 3734 664 3799 semper
702 3717 1010 3780 deteriore
1048 3736 1084 3778 a
1116 3715 1457 3779 Plutarcho
1496 3719 1696 3800 accipi
1734 3720 1990 3780 notione
2021 3715 2548 3798 Wyttenbachius
2580 3714 2765 3795 (Plut.

420 3819 637 3886 MoraL
699 3822 870 3887 Tom.
904 3819 1001 3885 VI
1056 3842 1114 3905 p.
1167 3824 1293 3885 252
1345 3824 1422 3885 de
1469 3825 1615 3887 aud.
1667 3835 1829 3907 poet.
1876 3844 1935 3907 p.
1983 3824 2065 3885 26
2116 3824 2187 3906 C)
2237 3824 2463 3887 docuit.
2536 3822 2767 3885 Tamen

604 4051 641 4117 ¹)
679 4051 789 4103 Vit.
828 4050 862 4103 l.
892 4050 923 4103 l
952 4051 1009 4105 L'
1015 4052 1338 4130 entusiasmo
1376 4054 1430 4106 di
1469 4053 1717 4107 Plutarco
1754 4054 1947 4122 giunge
1986 4070 2018 4106 a
2053 4051 2124 4106 tal
2162 4068 2294 4120 segn
2296 4068 2325 4105 o
2362 4052 2431 4104 da
2463 4050 2620 4119 fargli
2657 4050 2770 4103 dire

425 4122 523 4174 che
561 4122 727 4175 Mario
766 4122 899 4176 colle
938 4138 1033 4177 sue
1070 4122 1215 4176 virtu
1249 4117 1372 4184 τοὶς
1418 4115 1745 4193 στρατιώτας
1790 4123 2147 4195 δημαγωγῶν
2195 4126 2298 4174 κτλ.
2383 4123 2452 4178 Di
2499 4123 2601 4175 ben
2640 4121 2774 4175 altra

426 4192 762 4266 δημαγωγία
799 4194 844 4248 si
883 4194 1105 4251 sarebbe
1142 4196 1341 4252 servito
1378 4196 1563 4264 Mario,
1602 4196 1832 4252 secondo
1869 4195 2131 4252 Sallustio
