3217 4900
1475 1479 1638 1575 III.

595 1713 709 1793 De
764 1713 1048 1794 Sullae
1105 1712 1561 1810 phthiriasi
1619 1734 1897 1814 pauca
1953 1715 2516 1811 exponuntur.

564 2121 876 2199 Quoniam
915 2123 1098 2186 nobis
1137 2124 1213 2185 de
1251 2122 1464 2186 Sullae
1502 2125 1706 2206 capite
1743 2124 2020 2187 secundo
2059 2122 2525 2206 disputantibus
2563 2122 2727 2186 eius-

385 2232 529 2294 dem
585 2235 752 2294 vitae
807 2237 996 2314 caput
1051 2231 1436 2292 tricesimum
1499 2237 1752 2292 sextum
1811 2231 2297 2313 comparandum
2349 2230 2493 2307 fuit,
2547 2230 2729 2292 tertia

381 2338 574 2401 huius
620 2337 815 2401 libelli
854 2342 1028 2420 parte
1065 2335 1335 2399 libenter
1371 2336 1601 2420 arripio
1641 2337 2026 2399 occasionem
2071 2336 2156 2399 de
2194 2335 2451 2400 Sullae
2487 2335 2726 2418 phthi-

380 2446 572 2508 riasi
622 2443 987 2522 disserendi,
1034 2443 1112 2507 de
1159 2463 1302 2527 qua,
1351 2433 1734 2526 quamquam
1783 2444 1968 2507 multi
2005 2445 2148 2507 etii
2186 2444 2350 2508 docti
2388 2444 2729 2508 sententias

381 2572 530 2616 suas
565 2553 883 2634 dixerunt,
920 2552 1236 2614 neminem
1278 2551 1402 2613 huc
1439 2569 1645 2633 usque
1681 2571 1940 2635 prorsus
1981 2570 2124 2615 vere
2160 2551 2538 2614 iudicavisse
2575 2551 2729 2613 mihi

380 2661 816 2743 persuaserim.
2344 2671 2347 2675 ’

559 2766 682 2830 Sed
737 2766 928 2850 paulo
984 2765 1171 2828 altius
1225 2764 1408 2828 nobis
1465 2771 1561 2827 est
1618 2766 2048 2847 repetendum.
2155 2764 2323 2828 Plut.
2362 2764 2515 2830 Sull.
2555 2783 2605 2827 c.
2646 2766 2729 2825 34

386 2872 620 2938 Sullam
671 2874 990 2953 discimuS,
1039 2874 1330 2956 quamvis
1376 2872 1454 2935 ob
1503 2872 1725 2936 caedes
1772 2875 2140 2937 commissas
2179 2875 2395 2936 multis
2432 2873 2728 2938 invisum,

382 3001 504 3043 non
564 2982 767 3043 solum
830 2980 1138 3043 dictatura
1198 2984 1419 3063 suapte
1473 2986 1696 3063 sponte
1743 2999 1810 3042 se
1858 2980 2205 3061 abdicasse,
2260 2980 2370 3042 sed
2418 2981 2603 3040 etiam
2652 2977 2725 3040 ad

381 3090 687 3150 rationem
752 3088 1034 3151 muneris
1094 3086 1513 3149 administrati
1568 3086 1953 3149 reddendam
2003 3092 2291 3170 paratum
2337 3085 2560 3163 fuisse3
2619 3086 2732 3147 vix

382 3200 591 3258 autem
649 3194 829 3258 illum
891 3195 967 3256 de
1014 3198 1319 3276 potestate
1366 3194 1734 3275 decessisse,
1794 3214 1939 3256 cum
1988 3193 2290 3276 Pompeio
2336 3193 2731 3275 potissimum

382 3308 638 3365 auctore
688 3300 768 3364 M.
809 3299 1110 3384 Lepidus,
1172 3300 1358 3363 homo
1407 3299 1622 3363 Sullae
1668 3300 2170 3381 inimicissimuS‚
2219 3298 2438 3363 consul
2487 3305 2733 3362 creatus

382 3411 478 3471 sit.
552 3405 798 3483 Quibus
837 3410 901 3469 in
941 3407 1130 3470 rebus
1171 3406 1549 3470 Plutarchus
1582 3409 1815 3491 optime
1846 3410 2156 3470 consentit
2187 3427 2332 3471 cum
2368 3408 2732 3490 Appianol),

383 3516 489 3578 sed
542 3518 642 3597 ita,
690 3522 761 3578 ut
804 3516 1136 3598 Appianus
1184 3514 1261 3577 de
1308 3513 1569 3597 Pompei
1619 3534 1806 3597 opera
1851 3534 2111 3598 prorsus
2158 3516 2430 3595 reticeat,
2475 3509 2543 3576 in
2594 3515 2730 3575 uni,-

385 3641 638 3686 versum
688 3622 854 3685 dicat
891 3621 1201 3707 Lepidum
1250 3641 1287 3684 a
1324 3619 1537 3685 Sul-lae
1575 3622 1952 3684 adversariis
1991 3622 2055 3684 in
2095 3621 2426 3685 consulatu
2464 3620 2731 3704 petendo

386 3729 673 3792 adiutum
723 3747 874 3791 esse.
953 3728 1162 3792 Etiam
1211 3728 1382 3812 quod
1431 3727 1597 3791 Plut.
1637 3747 1687 3792 c.
1731 3728 1809 3791 37
1861 3728 2038 3792 Sulla
2086 3735 2345 3793 mortem
2396 3749 2575 3792 suam
2624 3746 2733 3811 per

386 3855 679 3899 somnum
735 3835 1046 3920 providet,
1104 3837 1381 3898 concinit
1436 3843 1705 3922 utraque
1760 3838 2065 3916 narrati03
2125 3856 2273 3899 nam
2330 3837 2439 3919 qui
2500 3835 2731 3897 diversi

387 3944 740 4024 argumenti
802 3943 1047 4005 somnia
1105 3943 1300 4006 fuisse
1356 3944 1593 4027 opinati
1650 3948 1829 4025 sunt,
1889 3943 2072 4006 valde
2127 3948 2525 4025 erraverunt,
2586 3961 2731 4005 cum

389 4048 766 4112 Plutarchus
804 4050 1010 4112 visum
1046 4047 1261 4112 Sullae
1297 4051 1673 4112 somniantis
1708 4049 2000 4132 pluribus
2040 4051 2366 4132 describat,
2402 4048 2732 4134 Appianus

570 4223 609 4290 ¹)
644 4222 707 4276 B.
746 4223 802 4278 C.
842 4224 886 4290 Ι,
925 4240 970 4277 c.
1013 4222 1320 4291 103—1053
1358 4225 1428 4278 cf.
1468 4241 1603 4293 quae
1642 4226 1859 4295 apposui
1896 4225 2050 4295 paulo
2086 4226 2243 4279 infra.
