3217 4900
1387 280 1826 343 -42-

424 464 488 523 et
532 463 773 524 temere
818 458 940 525 hoc
985 459 1218 523 factum
1270 477 1407 524 esse
1452 461 1824 544 suspicatur.
1896 457 2019 522 Sed
2059 477 2142 522 ne
2177 457 2577 523 festinantius
2612 457 2754 522 iudi

425 586 658 631 cemus.
763 565 828 631 C.
887 565 1129 651 Oppius
1199 564 1482 632 Caesaris
1545 567 1873 630 familiaris
1941 568 2134 629 vitam
2193 567 2505 650 depinxit3
2586 585 2786 650 quam

424 678 622 740 vitam
669 694 857 758 quam
907 674 1067 738 bene
1113 675 1360 738 noverit
1400 673 1794 755 PlutarchuS,
1840 692 1984 737 cum
2030 692 2065 737 e
2112 670 2293 737 Caes.
2341 693 2393 736 c.
2449 673 2528 736 17
2569 678 2705 737 tum
2747 693 2784 736 e

428 783 644 866 Pomp.
682 801 732 845 c.
777 782 857 844 10
897 781 1214 851 discimus,
1287 779 1368 845 Et
1403 782 1468 844 in
1495 783 1632 865 ipsa
1665 778 1948 845 Caesaris
1985 780 2114 844 vita
2144 780 2554 845 describenda
2578 778 2784 865 Oppio

429 891 673 953 occasio
712 888 978 953 dabatur
1015 888 1093 951 de
1123 885 1330 951 Mario
1368 896 1596 971 agnato
1634 887 1955 972 loquendi,
1986 906 2173 972 quem
2216 885 2447 951 Caesar
2480 887 2601 951 sibi
2637 888 2783 951 imi-

433 996 695 1059 tandum
735 996 1181 1079 proposuisset.
1259 994 1547 1077 Accedit,
1598 995 1768 1079 quod
1816 970 2196 1058 Plutarchus
2241 1013 2451 1058 suam
2501 992 2787 1058 Caesaris

434 1105 628 1167 vitam
675 1101 867 1187 paulo
914 1107 1059 1164 ante
1105 1102 1471 1166 nominavit.
1549 1099 1826 1192 Omnino
1872 1106 2003 1165 tota
2050 1101 2324 1164 narratio
2369 1102 2436 1164 in
2485 1102 2788 1165 orationis

431 1214 799 1273 contextum
848 1210 1029 1292 quasi
1077 1227 1160 1271 ex
1205 1209 1546 1293 improviso
1599 1210 1907 1293 irrumpit.
1977 1206 2200 1292 Itaque
2248 1205 2488 1293 Oppio
2536 1207 2788 1272 Plutar-

433 1316 624 1378 chum
684 1316 1067 1378 matrimonii
1114 1322 1176 1379 et
1221 1315 1520 1380 sectionis
1565 1316 1936 1380 memoriam
1983 1315 2209 1379 debere
2258 1314 2790 1379 verisimillimum

432 1428 540 1486 est.
636 1422 734 1484 Ad
798 1423 998 1506 ipsam
1060 1441 1209 1485 vero
1263 1424 1355 1486 rei
1409 1421 1601 1486 fidem
1657 1422 2034 1487 adducimur
2088 1420 2213 1485 Cic.
2258 1420 2437 1486 Tusc.
2496 1422 2650 1507 disp.
2697 1420 2787 1522 ΙΙ,

435 1531 542 1611 22,
590 1530 674 1592 53
727 1528 970 1611 collata,
1009 1549 1196 1614 quem
1245 1530 1454 1594 locum
1503 1529 1768 1594 Peterus
1813 1548 1941 1594 non
1989 1531 2390 1614 comparavit.

727 1721 896 1777 Plut.
1554 1721 1681 1776 Cic.
2334 1720 2501 1775 Plin.

507 1825 684 1894 Ἰξιῶν
720 1824 858 1899 γὰρ,
899 1821 975 1892 ὡς
1014 1822 1185 1893 ἔοικε,

436 1912 704 1987 μεγάλων
741 1915 1039 1981 ἀνάπλεως
1083 1911 1187 1986 ἄμ-

438 2025 530 2075 φω
577 2001 647 2060 τὰ
703 2003 878 2074 σκέλη
935 2005 1190 2077 γεγονὼς

436 2097 534 2150 καὶ
581 2090 684 2163 τὴν
720 2091 1012 2165 ἀμορφίαν
1059 2097 1188 2150 δυσ·
2115 2095 2338 2148 Varices
2416 2094 2474 2147 in
2545 2093 2796 2148 cruribus

435 2184 720 2253 χεραίνων
792 2176 939 2253 ἔγνω
1007 2202 1187 2254 παρα·
1314 2184 1370 2238 C.
1413 2183 1609 2237 Marius
1648 2224 1660 2235 .
1702 2223 1713 2235 .
1756 2223 1767 2235 .
1808 2221 1820 2234 .
1868 2199 1989 2236 cum
2043 2184 2160 2238 viro
2178 2187 2403 2251 tantum,
2422 2181 2635 2236 mulieri
2653 2200 2794 2238 raro·

438 2280 596 2341 σχεῖν
635 2267 841 2326 ἑαυτὸν
868 2277 948 2345 τῷ
980 2270 1184 2345 ἰατρῷ.
1242 2276 1533 2339 secaretur,
1579 2271 1840 2340 principio
1885 2287 1987 2324 ve·
2044 2272 2100 2327 C.
2140 2273 2369 2326 Marium
2407 2314 2419 2327 .
2461 2311 2473 2324 .
2514 2312 2526 2324 .
2565 2311 2579 2327 .
2626 2274 2794 2326 stanti

438 2363 536 2414 καὶ
591 2359 882 2430 παρέσχεν
942 2355 1189 2426 ἄδετος
1242 2362 1373 2415 tuit
1417 2377 1484 2415 so
1532 2360 1823 2431 alligari,
1870 2376 1989 2414 nec
2042 2361 2142 2415 sibi
2259 2360 2469 2414 extrahi
2575 2376 2796 2430 passum

438 2445 693 2520 θάτερον
738 2449 966 2515 σκέλος,
1021 2445 1188 2507 οὐδὲν
1242 2452 1582 2521 quisquam
1655 2453 1804 2505 ante
1866 2449 1987 2504 Ma-
2041 2449 2795 2520 unumhominumOppius

439 2542 698 2608 κινηθεὶς
727 2538 857 2596 οὐδὲ
891 2536 1185 2607 στενάξας,
1241 2541 1407 2595 rium
1431 2541 1637 2595 solutus
1654 2541 1850 2595 dicitur
1868 2554 1987 2594 esse
2042 2543 2227 2595 auctor
2263 2543 2360 2594 est.

440 2623 1184 2701 ἅλλάκαθεστῶτιτῷποοσ-
1240 2632 1421 2684 sectus
1460 2670 1471 2682 .
1512 2671 1524 2683 .
1566 2671 1578 2683 .
1689 2629 1759 2683 Et
1809 2631 1991 2683 tamen

441 2712 582 2791 ώπῳ
637 2720 736 2772 καὶ
781 2712 927 2785 μετὰ
971 2719 1189 2786 σιωπῆς
1241 2719 1410 2773 fuisse
1493 2735 1674 2773 acrem
1754 2734 1991 2772 morsum

437 2799 765 2877 ὑπερβολάς
809 2825 965 2870 τινας
1018 2802 1188 2876 ἄλγη·
1242 2806 1436 2861 doloris
1539 2807 1684 2860 idem
1791 2807 1991 2860 Marius

441 2890 625 2949 δόνων
680 2890 743 2948 ἐν
805 2903 928 2959 ταῖς
990 2902 1192 2962 τομαῖς
1245 2896 1504 2963 ostendit3

439 2978 848 3053 ἀνασχόμενος.
949 2985 1076 3038 Tot
1134 2978 1188 3036 δ’

442 3069 688 3141 ἰατροῦ
821 3066 1190 3140 μετιόντος
1316 3089 1467 3127 crus
1505 3077 1676 3127 enim
1713 3073 1992 3127 alterum

444 3156 556 3215 ἐπὶ
594 3155 901 3231 θάτερον
949 3156 1188 3215 οὐκέτι
1243 3179 1369 3217 non
1416 3163 1734 3231 praebuit.
1809 3163 1893 3217 Ita
1938 3165 1994 3216 et

442 3247 782 3320 παρέσχε,
822 3244 1010 3318 φήσας
1046 3242 1071 3304 c‘
1084 3253 1190 3320 ρᾶν
1243 3251 1365 3305 tulit
1410 3251 1647 3305 dolorem
1695 3255 1753 3306 ut
1808 3252 1894 3304 vir
1938 3253 1994 3305 et

443 3333 506 3390 τὸ
530 3332 1057 3407 ἐπανόρθωματῖς
1085 3333 1188 3393 ἄλ·
1243 3343 1305 3393 ut
1410 3341 1568 3394 homo
1683 3340 1993 3395 maiorem

444 3424 734 3496 γηδόνος
789 3423 913 3483 οἰκ
973 3420 1187 3495 ἄξιον.
1243 3430 1426 3484 serre
1463 3430 1608 3484 sine
1654 3444 1853 3484 causa
1886 3446 1991 3485 ne-

1240 3518 1537 3573 cessaria
1570 3517 1803 3572 noluit.

622 3695 787 3759 Nam
839 3715 986 3760 cum
1033 3695 1397 3762 Ciceronem
1447 3696 1648 3783 Oppio
1695 3698 2088 3762 familiariter
2132 3718 2321 3763 usum
2371 3717 2507 3762 esse
2551 3705 2797 3763 constet

445 3804 528 3885 (v,
566 3823 616 3866 c.
653 3802 729 3866 cf.
769 3801 893 3866 Cic.
931 3804 1011 3867 ad
1057 3807 1186 3868 Att.
1227 3803 1339 3885 lv,
1389 3804 1490 3885 16,
1538 3807 1578 3867 8
1591 3826 1608 3885 ;
1657 3805 1735 3868 ad
1774 3805 1918 3867 fam.
1962 3804 2075 3885 XI,
2115 3807 2261 3888 29.),
2295 3824 2410 3890 per
2445 3824 2512 3869 se
2547 3804 2795 3868 intelle—

444 3911 618 3993 gitur
661 3909 845 3975 illum
891 3911 1083 3974 huius
1128 3911 1368 3975 librum
1411 3911 1655 3994 legisse.
