3217 4900
1438 281 1876 344 ...10-

665 549 785 615 Sed
849 552 966 614 hoc
1014 550 1178 632 loco,
1235 569 1621 634 quamquam
1669 556 1936 633 uterque
1983 550 2247 632 scriptor
2296 548 2569 612 Marium
2616 548 2869 612 Uticae

494 678 622 720 rem
674 658 953 720 divinam
1004 658 1225 721 fecisse
1270 664 1499 739 narrat,
1546 666 1754 719 tamen
1804 657 1969 740 apud
2009 655 2422 719 Plutarchum
2463 656 2698 718 Marius
2734 675 2865 718 sa—

489 764 746 843 crificat,
786 776 1115 848 postquam
1157 785 1193 826 a
1236 764 1486 827 Metello
1526 764 1828 827 dimissus
1873 772 1985 845 est,
2031 766 2196 846 apud
2232 763 2604 826 Sallustium
2652 763 2859 825 haru-

490 872 678 954 spicis
730 873 1051 954 praesagio
1097 871 1412 954 impulsus
1457 872 1826 934 missionem
1873 875 2065 949 rogat.
2161 867 2367 945 Quam
2424 869 2856 932 differentiam

490 979 576 1040 ita
622 986 821 1040 ortam
868 996 1003 1041 esse
1048 979 1315 1041 fortasse
1360 984 1525 1041 recte
1570 978 2034 1061 putaverimus,
2083 984 2151 1040 ut
2197 976 2538 1041 Sallustius
2584 978 2860 1056 crimen,

491 1086 659 1169 quod
710 1084 907 1148 Mario
964 1085 1197 1149 factum
1251 1090 1409 1165 erat,
1463 1085 1696 1163 ingrati
1743 1084 2046 1148 adversus
2094 1082 2418 1146 Metellum
2470 1084 2664 1145 animi
2711 1102 2852 1144 non

489 1193 693 1255 solum
744 1193 1217 1256 contumeliosis
1264 1193 1390 1255 illis
1430 1190 1672 1255 Metelli
1709 1191 1919 1254 verbis
1957 1191 2052 1269 (B.
2091 1190 2138 1254 Ι.
2177 1211 2226 1254 c.
2270 1190 2459 1270 64,4)‚
2505 1190 2616 1253 sed
2654 1191 2852 1252 etiam

492 1300 860 1362 necessitate
901 1300 1171 1382 quadam
1208 1300 1440 1380 divina,
1486 1301 1540 1361 si
1586 1317 1714 1362 non
1764 1298 2126 1379 dissolvere,
2172 1308 2236 1360 at
2272 1309 2484 1359 tamen
2525 1298 2852 1379 explicare

492 1406 872 1486 studuerit.¹)
962 1404 1199 1469 Eadem
1257 1426 1406 1489 erga
1453 1404 1728 1468 Marium
1785 1404 2219 1468 benevolentia
2279 1404 2589 1466 adductus
2636 1402 2847 1466 Sallu-

491 1514 651 1576 stius
697 1533 748 1576 c.
792 1513 953 1595 73‚7‚
1002 1514 1316 1597 quomodo
1367 1511 1605 1576 Marius
1652 1512 1877 1576 consul
1922 1511 2125 1576 factus
2171 1513 2272 1592 sit,
2318 1511 2499 1574 aliter
2544 1529 2619 1573 ac
2669 1509 2846 1572 Plut-

492 1621 720 1684 archus
767 1640 817 1683 c.
858 1620 898 1683 8
947 1630 1104 1684 extr.
1154 1619 1479 1685 describit:

598 1815 697 1867 καὶ
752 1815 1070 1883 προαχθεὶς
1125 1808 1237 1869 ὑπό
1294 1831 1447 1877 τινος
1501 1815 1616 1866 τῶν
1829 1811 2058 1881 populus
2082 1832 2115 1869 a
2137 1815 2349 1869 tribuno
2373 1812 2544 1883 plebis
2567 1810 2623 1863 Τ.
2644 1807 2843 1862 Manlio

494 1897 800 1972 δημάρχων
838 1900 919 1965 εἰς
956 1897 1021 1955 τὸ
1061 1904 1305 1970 πλῆθος,
1349 1897 1442 1955 ἐπὶ
1480 1902 1612 1954 πολ·
1726 1901 1968 1955 Mancino
2016 1906 2247 1971 rogatus⁷
2302 1918 2463 1971 quem
2506 1897 2675 1951 vellet
2719 1914 2844 1950 cum

493 1992 615 2053 λαῖς
652 1987 799 2044 κατὰ
838 1992 941 2045 τοῦ
982 1989 1280 2045 Μετέλλου
1324 1991 1616 2061 διαβολαῖς
1722 1990 1988 2058 Jugurtha
2042 1990 2241 2044 bellum
2294 2006 2511 2060 gerere,
2580 1989 2844 2056 frequens

494 2073 687 2147 ᾐτεῖτο
741 2075 845 2147 τὴν
892 2074 1090 2151 ἀρχήν,
1147 2071 1612 2147 ὕπισχνούμε-
1722 2078 1953 2132 Marium
1990 2080 2163 2134 iussit.

496 2184 616 2231 νος
652 2160 687 2235 ἢ
734 2175 1013 2222 κτενεῖν
1056 2160 1091 2235 ἢ
1138 2169 1359 2235 ζῶντα
1405 2162 1614 2236 λήψε-
1830 2169 1900 2222 cf.
1941 2185 1986 2222 c.
2026 2169 2113 2235 84,
2163 2171 2190 2222 1
2232 2167 2652 2237 cupientissuma
2687 2164 2844 2233 plebe

497 2258 662 2310 σθαι
687 2252 806 2310 τὸν
830 2252 1204 2326 Ἰογόρθαν.
1235 2273 1281 2309 e.
1306 2257 1373 2310 10
1397 2251 1614 2326 Ἀναγο-
1725 2256 1910 2310 consul
1947 2258 2136 2313 factus,

498 2348 727 2415 ρευθεὶς
765 2343 825 2399 δὲ
863 2349 1136 2415 λαμπρῶς
1155 2389 1167 2399 .
1192 2388 1203 2400 .
1228 2388 1239 2399 .
1265 2389 1275 2399 .

674 2526 838 2589 Nota
885 2547 1039 2589 vero
1086 2528 1176 2588 illi
1223 2527 1419 2591 fuisse
1473 2530 1783 2610 promissa
1839 2528 1915 2590 ab
1974 2529 2092 2591 hoc
2147 2528 2400 2591 laudata
2454 2533 2709 2610 apparet
2763 2545 2845 2588 ex

500 2633 568 2696 B.
603 2632 648 2695 Ι.
683 2652 732 2696 c.
769 2634 943 2712 653:
986 2636 1052 2713 ,si
1097 2633 1404 2715 Iugurtha
1442 2641 1667 2719 captus
1705 2642 1815 2698 aut
1852 2638 2096 2698 occisus
2131 2634 2307 2715 foret,
2344 2636 2678 2717 imperium
2710 2632 2844 2695 Nu-

498 2739 728 2801 midiae
774 2741 911 2802 sine
957 2759 1133 2801 mora
1180 2740 1574 2821 habiturum3
1623 2743 1689 2805 id
1736 2742 1891 2804 adeo
1938 2747 2184 2805 mature
2227 2759 2411 2824 posse
2458 2743 2738 2821 evenire,
2793 2740 2846 2801 si

498 2846 631 2928 ipse
677 2846 898 2908 consul
948 2846 1023 2907 ad
1073 2849 1138 2907 id
1185 2846 1421 2910 bellum
1468 2850 1701 2911 missus
1748 2849 1940 2910 foret.‘

679 2950 969 3036 Denique
1017 2953 1302 3035 singulae
1348 2973 1448 3017 res
1495 2954 1765 3037 singulis
1811 2954 2001 3018 rebus
2048 2956 2427 3039 respondent

801 3147 970 3200 Plut.
1009 3147 1159 3199 Mar.
1199 3164 1243 3200 ρ.
1284 3151 1318 3200 s
1970 3148 2119 3202 Sall.
2160 3149 2221 3201 B.
2259 3150 2310 3204 J.
2349 3166 2393 3202 ο.
2435 3149 2520 3215 64,
2559 3148 2609 3201 3.

614 3250 692 3307 Οὐ
766 3249 879 3321 μὴν
943 3248 1085 3307 ἀλλὰ
1160 3258 1277 3307 τοῦ
1347 3254 1623 3324 Μαρίου
1839 3256 2127 3323 respondit,
2175 3256 2265 3308 ubi
2313 3256 2543 3322 primum
2591 3254 2852 3321 potuisset

504 3335 1025 3406 σπουδάζοντος
1063 3337 1420 3409 ἀφεθῆναι
1458 3345 1621 3396 πολ·
1731 3360 1829 3411 per
1872 3346 2087 3412 negotia
2139 3344 2351 3411 publica
2405 3345 2672 3396 facturum
2729 3359 2849 3396 sese

501 3424 620 3493 λὰς
657 3425 1002 3500 ἀναβολὰς
1040 3423 1621 3497 ποιησάμενος...
1733 3448 1868 3499 quae
1906 3435 2134 3499 peteret.
2226 3437 2305 3487 Ac
2355 3437 2538 3499 postea
2585 3432 2850 3498 saepius

504 3514 597 3572 ἐπὶ
670 3515 773 3585 τὴν
845 3523 960 3571 τῶν
1031 3511 1265 3572 ὑπάτων
1337 3512 1625 3581 α’νάδειξιν
1734 3521 1919 3573 eadem
1957 3521 2246 3587 postulanti
2284 3560 2510 3574 .....

502 3602 765 3675 ἀφῆκεν
804 3602 1029 3660 αὐτόν.
1840 3626 1885 3662 c.
1926 3611 2011 3677 73,
2061 3609 2092 3661 2
2139 3610 2414 3662 Marium
2460 3611 2850 3679 fatigantem

1732 3698 1798 3750 de
1825 3698 2157 3764 profectione
2166 3739 2444 3750 ......
2485 3700 2736 3751 domum
2762 3698 2848 3750 di-

1732 3785 1959 3837 mittit.

685 3980 724 4047 ¹)
765 3981 834 4034 cf.
877 3978 1074 4044 Vitem,
1114 3978 1147 4029 1.
1186 3978 1220 4031 1.
1262 3997 1309 4046 p.
1351 3980 1455 4034 356
1494 3998 1544 4032 n.
1584 3979 1643 4031 2:
1714 3966 1775 4034 Ἐ
1812 3980 2078 4047 probabile
2131 3982 2230 4034 ohe
2279 3982 2540 4047 Sallustio,
2588 3984 2725 4034 tutto
2770 3982 2852 4034 in-

505 4053 651 4104 tento
701 4067 729 4103 a
778 4051 1005 4120 cogliere
1055 4067 1083 4102 e
1132 4061 1390 4104 mostrare
1437 4052 1494 4104 in
1539 4051 1707 4105 Mario
1756 4054 1773 4103 i
1819 4053 1934 4104 vari
1979 4054 2215 4105 moventi
2272 4053 2597 4121 psicologici,
2656 4070 2762 4106 non
2810 4055 2852 4105 si

505 4124 713 4175 facesse
754 4121 996 4189 scrupolo
1034 4122 1087 4173 di
1126 4127 1473 4176 commettere
1512 4123 1602 4177 un’
1643 4123 1969 4177 inesattezza
2003 4124 2146 4178 nella
2190 4123 2515 4176 indicazione
2554 4123 2641 4176 del
2675 4126 2853 4191 tempo
2942 4186 2946 4193 ‚

502 4195 559 4247 in
597 4194 683 4247 cui
722 4199 911 4262 questo
947 4192 1082 4246 fatto
1122 4193 1345 4247 sarebbe
1385 4197 1670 4249 avvenuto.
