3217 4900
1337 324 1779 386 -47-

490 496 656 552 Plut.
695 496 849 554 Sull.
887 515 934 553 c.
972 498 1043 554 38
1266 497 1433 553 Plut.
1471 497 1681 570 Pomp.
1720 513 1765 553 c.
1807 500 1873 553 15
2036 502 2189 569 App.
2226 497 2289 553 B.
2329 497 2386 554 C.
2426 498 2467 566 Ι,
2507 513 2552 553 c.
2594 497 2695 553 lob
2762 569 2765 572 ἢ

466 591 741 673 ὥρμησαν
758 603 868 671 μὲν
887 594 989 659 οὖν
1008 607 1139 661 πολ·
1265 601 1545 674 Ἐδήλωσε
1592 602 1655 660 δὲ
1699 599 1946 673 μάλιστα
2072 606 2326 676 γίγνεται
2367 600 2423 659 δ’
2462 597 2639 668 εὐθὺς
2684 598 2747 658 ἐν

396 694 485 747 λοὶ
538 695 637 747 καὶ
701 689 1143 762 συνέστησαν
1198 690 1438 758 Σύλλας,
1478 684 1564 748 ὅτι
1604 690 1749 764 πρὸς
1791 694 1945 761 Πομ·
2002 688 2162 749 ἄστει
2208 690 2407 758 στάσις
2442 687 2531 748 ἐπ’
2572 687 2744 764 αὐτῷ.

396 777 566 851 πρὸς
659 780 968 837 Λέπιδον
1059 775 1144 847 ὡς
1198 779 1370 853 πήϊον
1402 780 1508 839 οὐκ
1547 779 1802 851 είμενῶς
1831 775 1949 852 εἶχε
2002 787 2136 837 τῶν
2182 783 2309 849 μὲν
2353 775 2554 853 ἄγειν
2601 779 2744 847 ἄξι-

396 866 754 941 εἵρξοντες
809 867 884 925 τὸ
947 872 1143 940 σῶμα
1199 881 1319 936 ταῖς
1349 870 1666 940 διαθήκαις,
1688 862 1756 935 ἃς
1785 864 1948 941 ἕγρα·
2005 866 2265 926 ούντων
2302 867 2373 925 τὸ
2414 873 2610 938 σῶμα
2640 866 2747 923 διὰ

394 960 679 1027 κηδείας
697 961 815 1028 τῆς
834 975 1143 1027 νενομισ-
1199 975 1328 1030 ψεν.
1359 954 1610 1029 ‘Et-{poce
1636 956 1747 1031 γὰρ
1768 960 1952 1028 φίλοις
2004 956 2558 1029 τῆςῚταλΙαςέπὶ
2586 974 2746 1024 πομ-

394 1045 626 1116 μένης·
660 1043 1022 1116 Πομπήϊος
1047 1046 1142 1112 δέ,
1201 1046 1419 1119 δωρεὰς
1481 1046 1781 1105 ἀπολιπών
1853 1050 1951 1103 καὶ
2005 1053 2117 1119 πῇ,
2167 1052 2285 1104 καὶ
2332 1045 2399 1114 ἐς
2444 1044 2564 1117 τὴν
2601 1041 2747 1102 Ῥώ-

396 1137 608 1206 καίπερ
630 1132 892 1207 ἐγκαλῶν
910 1132 1146 1209 τιῇΣύλ-
1201 1142 1305 1194 τοῦ
1377 1134 1577 1202 παιδὸς
1649 1136 1952 1202 ἀποδείξας
2005 1158 2135 1205 μην
2164 1134 2234 1192 ἐν
2260 1134 2481 1213 ἀγορᾷ
2519 1153 2747 1206 προτι-

396 1228 467 1300 λα
508 1219 713 1294 (μόνον
742 1219 855 1295 γὰρ
883 1220 1060 1280 αὐτὸν
1086 1221 1147 1281 ἐν
1203 1223 1547 1298 ἐπιτρόπους
1619 1221 1720 1281 τὸν
1795 1226 1951 1292 Πομ·
2006 1225 2210 1282 θέναι
2248 1229 2365 1281 καὶ
2400 1227 2618 1294 ταφῆς
2643 1226 2748 1293 δη·

396 1320 517 1377 ταῖς
558 1308 861 1382 διαθήκαις
905 1317 1022 1369 τῶν
1058 1315 1145 1383 φΙ·
1202 1311 1372 1384 πήϊον
1426 1307 1572 1380 ὅλως
1633 1317 1948 1384 παρῆλθεν.
2005 1315 2250 1381 μοσίας
2303 1309 2567 1380 ἀξιοῦν,
2627 1316 2749 1367 Λε·

396 1403 513 1456 λων
538 1400 864 1473 παρέλιπε),
887 1398 1019 1468 τοὺς
1040 1401 1149 1472 μὲν
1195 1397 1435 1475 Ἢνεγκε
1507 1400 1705 1470 μέντοι
1779 1405 1951 1457 τοῦτο
2008 1406 2080 1458 πί
2091 1407 2123 1458 δ
2133 1422 2209 1459 ου
2283 1401 2352 1457 δὲ
2427 1405 2542 1456 καὶ
2616 1406 2749 1456 τῶν

391 1485 591 1561 χάριτι
624 1492 724 1544 καὶ
761 1488 977 1559 δεήσει,
1017 1488 1151 1557 τοὺς
1202 1494 1446 1563 μετρΙως
1483 1489 1634 1547 πάνυ
1671 1494 1768 1546 καὶ
1797 1494 1951 1546 πολι·
2008 1490 2180 1561 ἀμφὶ
2244 1490 2546 1546 Λέπιδον
2618 1487 2746 1545 ἐνι-

397 1578 458 1634 δὲ
497 1575 702 1648 ἀπειλῇ
735 1576 1148 1652 διακρουσάμε-
1202 1585 1374 1647 τικῶς
1455 1577 1698 1646 ἐκεῖνος,
1784 1569 1951 1644 ὥστε,
2009 1578 2382 1649 σταμένων.
2438 1576 2748 1645 Ἐξενὶκα

394 1688 494 1732 νος
522 1660 830 1738 εἰςῬώμην
856 1668 1146 1741 παρέπεμ-
1203 1671 1509 1726 Λεπίδου
1565 1670 1682 1724 καί
1745 1688 1950 1724 τινων
2007 1667 2061 1723 δ’
2119 1666 2151 1724 ὁ
2211 1663 2474 1733 Κάτλος
2536 1671 2634 1723 καὶ
2695 1663 2749 1721 οὶ

395 1773 477 1829 ψε
525 1753 592 1813 τὸ
640 1761 826 1826 σῶμα,
883 1761 982 1813 καὶ
1028 1768 1151 1824 ταῖς
1204 1753 1428 1814 ἄλλων
1474 1755 1952 1827 ἐνισταμένων
2007 1755 2418 1814 Σύλλειοι....

396 1854 608 1917 ταφαῖς
661 1841 986 1915 ἀσφάλειαν
1031 1836 1149 1916 ἇῖμα
1204 1843 1289 1917 μὴ
1339 1848 1641 1918 ταφῆναι
1689 1844 1808 1902 τὸν
1846 1866 1951 1903 νε-

399 1937 499 1990 καὶ
535 1931 702 2004 τιμὴν
740 1934 1010 2006 παρέσχε.
1204 1933 1373 2007 κρὸν
1447 1934 1519 1991 ἐν
1590 1939 1682 2010 τῷ
1743 1937 1954 2011 πεδίῳ

1201 2027 1367 2095 μηδὲ
1390 2026 1690 2098 δημοσίᾳ
1709 2020 1830 2093 τὴν
1856 2023 1953 2080 ἐκ·

1205 2111 1428 2185 φορὰν
1456 2112 1826 2185 γενέσθαι,
1855 2116 1953 2186 βο·

1202 2207 1416 2272 ηθῆσαι
1472 2207 1571 2258 καὶ
1635 2211 1954 2274 παρασχεῖν

1202 2289 1374 2358 δόξαν
1409 2283 1529 2360 ἅμα
1577 2299 1701 2356 ταῖς
1746 2299 1954 2361 ταφαῖς

1199 2385 1299 2436 καὶ
1334 2377 1670 2451 ἀσφάλειαν.

588 2598 1025 2681 Intellegimus
1056 2601 1221 2662 inter
1254 2600 1616 2683 Appianum
1652 2606 1714 2662 et
1739 2598 2169 2677 Plutarchum,
2201 2598 2492 2680 quamvis
2527 2615 2754 2678 magna

410 2704 757 2767 similitudo
811 2706 1182 2786 intercedat,
1237 2717 1444 2779 tamen
1505 2726 1630 2769 non
1691 2708 1906 2770 deesse
1963 2704 2372 2769 diversitates,
2466 2701 2637 2777 Quas
2684 2708 2755 2764 ut

407 2811 817 2895 explicemus,
875 2812 1247 2875 ordiendum
1308 2813 1488 2877 nobis
1547 2820 1642 2877 est
1697 2833 1733 2875 a
1793 2812 1957 2876 Plut.
2006 2810 2161 2876 Suu.
2210 2830 2260 2875 c.
2312 2810 2396 2873 38
2454 2816 2755 2887 extreme,

413 2918 571 3001 quod
611 2920 664 2981 si
704 2917 912 2981 verbis
952 2918 1170 2982 Granii
1204 2918 1531 3001 Liciniani,
1570 2921 1681 3003 qui
1720 2921 1780 2983 h.
1810 2921 1851 2982 l.
1885 2919 2136 2982 Livium
2169 2923 2425 2982 secutus
2456 2920 2570 2997 est,
2606 2933 2753 2978 con·

407 3027 640 3104 tuleris,
673 3027 945 3107 reperies
978 3024 1414 3088 Plutarcheam
1453 3029 1911 3109 expositionem
1951 3024 2248 3088 Livianae
2277 3024 2463 3107 plane
2497 3040 2753 3105 respon-

406 3127 621 3218 dere.1)
695 3130 892 3193 Porro
930 3150 1077 3193 cum
1115 3132 1178 3192 in
1222 3132 1439 3195 eodem
1479 3134 1682 3216 capite
1718 3134 1819 3214 38,
1857 3142 1929 3195 ut
1963 3130 2512 3194 Maurenbrecheri
2544 3127 2755 3191 verbis

403 3245 572 3319 utar,
629 3237 916 3320 Pompeii
969 3239 1172 3318 gratia
1230 3257 1304 3300 ac
1348 3257 1617 3323 persona
1664 3240 2006 3303 admodum
2055 3247 2424 3321 urgeantur,
2481 3234 2753 3315 Livium,

412 3345 832 3428 Pompeianus
880 3346 991 3428 qui
1040 3345 1245 3408 dictus
1292 3351 1402 3428 est,
1454 3366 1566 3409 nos
1614 3354 1829 3410 tenere
1875 3345 2176 3429 suspicari
2229 3361 2581 3427 possumus.

582 3450 742 3517 Tum
782 3451 1162 3516 Plutarchus
1209 3471 1260 3515 c.
1299 3453 1382 3515 37
1433 3455 1750 3537 quomodo
1788 3452 1968 3518 Sulla
2014 3470 2375 3536 supremum
2418 3451 2582 3511 diem
2624 3447 2754 3510 obi-

407 3561 552 3639 erit,
607 3558 822 3621 iisdem
883 3561 1093 3623 verbis
1149 3568 1339 3643 atque
1386 3559 1680 3625 Valerius
1740 3560 2061 3624 Maximus
2118 3559 2414 3641 depingit.
2518 3553 2657 3631 Quo
2720 3574 2754 3618 e

411 3684 725 3728 consensu
775 3664 1379 3732 Maurenbrecherus
1426 3668 1464 3732 l.
1501 3668 1540 3730 l.
1579 3669 1901 3734 concludit
1955 3668 2120 3732 hanc
2174 3685 2304 3727 rem
2360 3663 2438 3726 ab
2490 3669 2756 3745 utroque

411 3794 444 3835 e
492 3772 790 3836 Sallustio
839 3772 1126 3838 haustam
1173 3793 1325 3839 esse.
1430 3772 1612 3850 Quod
1659 3795 1772 3860 per
1817 3794 1884 3840 se
1929 3774 2066 3839 fieri
2115 3774 2392 3857 potuisse
2438 3789 2565 3832 non
2611 3766 2753 3831 infi-

412 3882 548 3962 tior,
594 3887 658 3943 at
704 3878 1012 3942 deliberes
1058 3882 1211 3946 haec
1256 3902 1538 3947 mecum:
1584 3882 2018 3946 Attribuimus
2064 3880 2243 3943 Livio
2287 3877 2449 3941 Plut.
2480 3876 2755 3959 cap.·38,

417 3987 582 4066 quod
637 4006 785 4050 cum
832 3987 1126 4070 Appiano
1182 3991 1362 4052 iuxta
1408 3992 1906 4074 composuimus3
1963 3990 2216 4052 initium
2263 3986 2384 4048 loci
2439 3982 2753 4045 Valeriani

597 4224 636 4291 ¹)
675 4224 742 4279 cf.
782 4224 1238 4280 Maurenbrecher
1273 4225 1306 4280 1.
1345 4226 1379 4281 1.
1418 4245 1468 4297 p.
1512 4231 1592 4283 17.
