3217 4900
1093 1147 1456 1243 Tabula
1524 1147 2085 1268 argumenti.

1427 1521 1658 1607 Caput
1702 1520 1763 1587 Ι.

417 1663 532 1731 Quo
595 1664 746 1718 sonte
806 1662 1128 1718 Plutarchus
1182 1662 1243 1715 in
1297 1660 1556 1731 capitibus
1611 1662 1679 1716 ad
1734 1660 1933 1716 bellum
1993 1661 2376 1732 Jugurthinum

558 1750 950 1824 pertinentibus
984 1767 1115 1806 usus
1152 1749 1237 1806 sit.
1275 1750 1428 1813 (Mar.
1467 1767 1513 1806 c.
1553 1750 1746 1818 7-10,
1783 1748 1913 1805 Sull.
1951 1766 1998 1805 c.
2036 1751 2110 1819 3).
2184 1792 2195 1802 .
2273 1791 2284 1802 .
2362 1792 2373 1803 .
2448 1767 2498 1820 p.
2537 1750 2729 1806 5-36.

1515 1929 1565 2016 g
1612 1931 1676 1997 1.

420 2073 561 2139 Quas
597 2072 700 2126 viri
737 2073 879 2126 docti
915 2071 1209 2126 sententias
1246 2069 1567 2140 protulerint
1648 2110 2373 2124 .........
2448 2087 2498 2139 p.
2538 2071 2694 2125 5-6.

737 2177 794 2216 a.
833 2161 1060 2215 Kienius
1097 2162 1155 2215 et
1189 2161 1436 2215 PeteruS.

737 2249 798 2306 b.
838 2248 1106 2304 Klebsius.

736 2354 790 2396 o.
830 2337 887 2395 Ο.
928 2337 1192 2394 Vitellius.

1516 2518 1684 2605 §a

420 2659 710 2728 Plutarchi,
750 2659 1000 2728 Sallustii,
1037 2659 1177 2714 Livii
1211 2660 1543 2715 narrationes
1578 2661 1724 2714 inter
1759 2675 1879 2715 sese
1918 2661 2292 2731 comparantur
2363 2700 2376 2713 .
2452 2676 2500 2730 p.
2541 2660 2732 2715 6—13.

740 2765 797 2805 a.
838 2749 1042 2815 Quibus
1077 2748 1208 2804 locis
1246 2750 1303 2804 et
1336 2748 1659 2804 Plutarchus
1697 2750 1755 2803 et
1790 2747 2070 2804 Sallustius
2107 2751 2164 2803 et
2195 2748 2380 2802 Livius

420 2838 699 2893 simillimis
738 2838 918 2893 verbis
954 2841 1040 2892 usi
1077 2838 1188 2893 sint
1286 2876 1301 2891 .
1380 2877 2378 2892 ............
2452 2855 2501 2908 p.
2541 2839 2682 2894 6—8

742 2926 800 2983 b.
840 2927 1044 2993 Quibus
1079 2926 1210 2982 locis
1246 2926 1568 2983 Plutarchus
1605 2944 1731 2982 cum
1767 2926 2018 2983 Sallustio
2055 2930 2314 2997 congruat
2365 2969 2377 2980 .
2452 2944 2502 2997 p.
2540 2879 2734 2983 8—1·2.

738 3013 792 3055 c.
832 2998 1035 3065 Quibus
1071 2998 1201 3053 locis
1225 2997 1546 3054 Plutarchus
1572 3000 1760 3053 eadem
1786 2999 1974 3053 eodem
1998 2999 2152 3053 modo
2178 2999 2383 3054 referat

740 3176 798 3233 d.
838 3174 1041 3242 Quibus
1078 3175 1207 3231 locis
1231 3177 1371 3231 Livii
1409 3179 1469 3232 et
1491 3175 1727 3232 Sallustii
1764 3176 2050 3231 verborum
2087 3177 2382 3231 communis

422 3267 566 3336 origo
602 3268 782 3337 pateat
845 3306 2378 3323 ..................
2453 3284 2502 3337 p.
2545 3268 2630 3323 13.

1513 3443 1680 3531 gs.

424 3585 508 3640 Ad
540 3586 897 3657 indagandum
920 3588 1129 3642 fontem
1151 3585 1445 3654 Plutarchi,
1483 3585 1718 3655 Sallusti,
1758 3587 1880 3643 Livi
1902 3587 2236 3643 narrationes
2260 3604 2384 3643 cum

564 3673 783 3729 Diodori
817 3675 1074 3731 librorum
1110 3676 1184 3731 34
1220 3677 1277 3730 et
1312 3677 1381 3730 35
1420 3677 1476 3730 et
1511 3676 1739 3746 Appiani
1785 3675 1907 3730 libri
1942 3676 2213 3732 Numidici
2257 3675 2382 3731 reli-

468 3813 474 3819 .
566 3763 705 3832 quiis
742 3767 1116 3834 comparantur
1207 3803 2381 3819 ..............
2457 3781 2507 3835 p.
2548 3766 2774 3822 13—29.

743 3869 800 3909 a.
838 3852 979 3908 Plut.
1016 3853 1150 3908 Mar.
1177 3869 1222 3909 c.
1251 3856 1280 3907 7
1322 3870 1445 3909 cum
1480 3853 1634 3908 Diod.
1659 3854 1729 3907 fr.
1760 3854 1831 3909 38
1865 3855 2018 3908 iuxta
2052 3855 2387 3924 componitur
2457 3870 2506 3924 p.
2548 3856 2774 3911 14-16.

741 3940 804 4000 b.
843 3940 967 3996 Sall.
1005 3941 1067 3995 B.
1105 3941 1155 3996 J.
1194 3943 1476 3998 coniertur
1511 3958 1635 3997 cum
1672 3943 1825 3997 Diod.
1862 3944 1933 3996 fr.
1972 3944 2040 3998 31
2080 3945 2137 3997 et
2172 3944 2240 3998 35
2279 3985 2294 4000 .
2370 3984 2382 3997 .
2455 3960 2506 4015 p.
2549 3944 2775 4001 16-20.
2891 3985 2902 3996 .

743 4046 795 4088 ο.
834 4032 969 4101 App.
1008 4030 1126 4085 libr.
1166 4030 1328 4085 Num.
1354 4033 1423 4086 fr.
1450 4034 1486 4085 4
1523 4035 1580 4086 et
1616 4033 1649 4087 5
1685 4034 2060 4102 comparantur
2095 4049 2219 4087 cum
2243 4031 2384 4100 Sall,

425 4117 585 4187 Plut.,
622 4119 740 4175 Liv.
852 4161 2383 4177 ..................
2459 4138 2507 4191 p.
2546 4122 2776 4178 20-22.

745 4209 803 4266 d.
843 4214 996 4280 App„
1035 4209 1180 4279 Sall„
1219 4211 1353 4279 Liv„
1392 4209 1551 4277 Plut.,
1590 4210 1744 4265 Diod.
1772 4211 1916 4264 inter
1951 4227 2010 4265 se
2036 4211 2390 4265 conferuntur
2460 4228 2509 4281 p.
2547 4211 2775 4266 22-29.
