3217 4900
723 472 892 528 Plut.
931 474 1082 529 Mar.
1123 493 1169 530 c.
1209 479 1238 529 ’7

528 584 643 636 τῶν
682 578 801 636 α’πὸ
839 582 1232 653 στρατοπέδου
1270 592 1415 647 τοῖς
1449 579 1546 638 οἷ’-

397 689 531 724 κοι
588 668 1026 741 γραφόντων,
1085 667 1170 736 ὡς
1220 669 1345 728 οὐκ
1399 666 1547 726 ἔστι

398 758 636 831 πέρας
657 756 816 815 οὐδὲ
838 758 1345 831 ἅπαλλαγὴτοῦ
1375 759 1547 832 πρὸς

397 844 536 901 τὸν
618 844 984 920 βάρβαρον
1066 847 1376 918 πολέμου
1460 847 1544 919 μὴ

402 933 637 991 Γάϊον
669 933 943 1009 Μάριον
981 934 1343 1007 ἑλομένοις
1377 932 1546 995 ὕπα-

399 1043 555 1082 τον.

724 1222 896 1277 Plut.
934 1222 1087 1276 Mar.
1128 1239 1173 1278 c.
1212 1224 1247 1278 9

531 1326 611 1384 Οὐ
632 1326 746 1398 μὴν
764 1325 943 1384 ταῦτά
963 1346 1031 1399 γε
1051 1325 1300 1396 μάλιστα
1321 1328 1547 1401 διέβαλε

404 1413 520 1472 τὸν
563 1413 812 1488 Μάριον,
860 1413 982 1471 ἀλλ’
1028 1414 1092 1471 οὶ
1137 1416 1332 1488 λόγοι
1381 1424 1546 1490 θρα·

408 1515 566 1570 σεῖς
631 1500 828 1569 ὄντες
891 1500 1251 1582 ὑπεροψΙᾳ
1309 1511 1423 1561 καὶ
1479 1498 1546 1559 1‘1'-

307 1671 312 1675 .
405 1600 573 1667 βρει
631 1591 790 1659 τοὺς
852 1590 1171 1663 πρώτους
1230 1592 1544 1660 ἐλύπουν,

411 1680 683 1738 σκῦλόν
721 1702 793 1738 τε
830 1687 1140 1754 βοῶντος
1179 1681 1395 1740 αὐτοῦ
1429 1682 1548 1754 τὴν

408 1767 768 1827 ὑπατείαν
827 1771 1178 1843 φέρεσθαι
1246 1779 1360 1841 τῆς
1415 1778 1547 1829 τῶν

415 1858 731 1933 εὐγενῶν
769 1864 887 1915 καὶ
936 1864 1289 1916 πλουσίων
1332 1868 1545 1930 μαλα-

412 1952 574 2014 κίας
618 1954 735 2005 ’καὶ
798 1947 1187 2021 τραύμασιν
1250 1952 1548 2020 οἰκείοις

414 2036 594 2110 πρὸς
650 2037 769 2094 τὸν
817 2042 1047 2108 δῆμον,
1107 2036 1182 2095 οὐ
1237 2038 1546 2111 μνήμασι

414 2132 694 2198 νεκρῶν
724 2124 881 2181 οὐδὲ
923 2126 1324 2200 ἀλλοτρίαις
1364 2128 1545 2187 εἰκό-

419 2236 489 2270 σι
529 2212 1043 2271 νεανιεύεσθαι.

540 2392 820 2460 Πολλάκις
851 2395 910 2449 δὲ
942 2400 1040 2451 καὶ
1071 2393 1202 2461 τοὺς
1234 2390 1542 2468 ἀτυχήσαν-

420 2505 524 2548 τας
583 2484 642 2539 ἐν
693 2481 871 2557 Λιβύῃ
931 2484 1307 2557 στρατηγούς,
1374 2493 1544 2543 τοῦτο

418 2574 530 2641 μὲν
572 2577 903 2642 Βηστίαν,
944 2579 1114 2630 τοῦτο
1155 2576 1214 2629 δὲ
1247 2573 1545 2646 Ἀλβῖνον

422 2660 889 2732 ....ο’νομάζων,
933 2660 1372 2719 ἐπυνθάνετο
1413 2670 1545 2720 τῶν

419 2748 1000 2823 παρόντων,εἰμὴ
1030 2756 1145 2807 καὶ
1172 2752 1334 2817 τοὺς
1363 2752 1542 2809 ἐκεί-

420 2861 554 2895 νων
595 2838 862 2896 οἴονται
914 2839 1311 2912 προγόνους
1359 2840 1543 2918 αὐτῷ

419 2934 684 2998 μᾶλλον
747 2924 827 2983 ἂν
903 2925 1249 2996 εὔξασθαι
1325 2952 1542 3003 παρα-

418 3020 762 3087 πλησίους
790 3016 1125 3089 ἐκγόνους
1151 3016 1539 3086 ἀπολιπεῖν,

420 3098 543 3163 οἵτε
593 3104 664 3176 δὴ
718 3108 887 3177 μηδὲ
938 3105 1188 3172 αὐτοὺς
1237 3106 1311 3162 δι’
1354 3109 1540 3180 εὐγέ-

419 3215 638 3261 νειαν,
715 3192 857 3251 ἀλλ’
922 3192 1035 3251 ὑπ’
1100 3196 1353 3267 ἀρετῆς
1425 3202 1541 3253 καὶ

419 3287 650 3340 καλῶν
698 3280 919 3356 ἔργων
972 3283 1297 3353 ἐνδόξους
1345 3306 1540 3356 γενο-

419 3373 687 3441 μένους.

720 3569 886 3622 Plut.
924 3571 1074 3623 Mar.
1116 3586 1160 3623 c.
1200 3571 1233 3624 8

529 3668 668 3730 ἔθυε
707 3672 816 3745 πρὸ
857 3679 962 3730 τοῦ
998 3679 1158 3730 πλοῦ.
1232 3677 1341 3728 Καὶ
1381 3674 1536 3744 λέγε-

419 3781 509 3816 ται
539 3760 658 3818 τὸν
676 3760 925 3831 μάντιν
956 3762 1199 3827 εἰπεῖν,
1223 3757 1308 3827 ὡς
1337 3760 1535 3817 ἀπίσ-

419 3870 576 3915 τους
648 3850 838 3916 τινάς
911 3850 986 3907 τὸ
1048 3850 1354 3921 μέγεθος
1419 3855 1537 3906 καὶ

418 3942 827 4011 κρείττονας
919 3938 1198 4005 ἐλπίδος
1271 3935 1538 4010 ἁπάσης

421 4024 803 4100 εὐπραξίας
840 4031 1220 4099 προφαίνοι
1260 4035 1349 4102 τῷ
1388 4026 1535 4084 ’Μα-

420 4119 540 4190 ρίῳ
580 4115 652 4171 τὸ
693 4116 1071 4185 δαιμόνιον.

1904 476 2051 532 Sall.
2090 477 2152 530 B.
2189 479 2237 531 J.
2278 495 2323 532 c.
2364 478 2451 545 65,
2492 480 2528 532 4

1763 584 1892 638 alios
1914 584 2048 651 ipse,
2068 585 2350 653 plerosque
2369 586 2516 654 pacis
2540 602 2663 653 spes
2692 586 2774 638 in-

1657 673 1822 742 pellit„
1843 673 2223 727 ¹utiRomam
2252 676 2326 727 ad
2352 674 2775 727 necessarios

1657 777 1892 830 aspere
1953 762 2019 814 in
2071 762 2411 816 Metellum
2464 764 2543 816 de
2602 762 2776 816 bello

1657 850 1983 918 scribant,
2010 851 2282 905 Marium
2309 853 2775 920 imperatorem

1657 941 1946 1008 poscant

1907 1223 2056 1279 Sall.
2093 1224 2155 1278 B.
2194 1225 2243 1278 J.
2283 1240 2328 1278 c.
2367 1224 2455 1292 84,
2496 1227 2523 1278 1

1762 1331 1964 1385 Marius
2002 1331 2160 1384 antea
2192 1331 2299 1384 iam
2332 1331 2565 1384 infestus
2589 1329 2775 1383 nobili-

1656 1421 1769 1487 tati,
1789 1422 1904 1472 tum
1930 1435 2059 1472 vero
2085 1419 2336 1471 multus
2363 1422 2558 1487 atque
2583 1421 2776 1472 ferox

1657 1510 1935 1575 instare,
1999 1508 2297 1577 singulos
2353 1510 2533 1562 modo
2599 1510 2775 1561 modo

1655 1598 2009 1651 univorsos
2081 1597 2378 1664 laedere,
2453 1598 2775 1650 dictitare

1657 1703 1802 1739 sese
1842 1685 2258 1739 consulatum
2299 1703 2376 1738 ex
2414 1684 2775 1739 victisillis

1657 1775 1871 1844 spolia
1906 1776 2189 1843 cepisse.

1765 1882 1808 1918 c.
1837 1865 1923 1932 85,
1951 1865 2047 1919 29:
2087 1881 2191 1917 non
2220 1880 2434 1931 possum
2461 1865 2589 1916 fidei
2617 1881 2777 1916 causa

1655 1955 1982 2023 imagines
2008 1970 2184 2021 neque
2211 1954 2506 2020 triumphos
2534 1963 2623 2005 aut
2649 1969 2773 2005 con-

1656 2043 1858 2096 sulatus
1895 2043 2153 2095 maiorum
2201 2057 2441 2093 meorum
2488 2044 2773 2105 ostentare,

1656 2133 1725 2196 at,
1765 2132 1810 2183 si
1847 2147 1935 2184 res
1972 2131 2218 2199 postulet,
2266 2132 2461 2197 hastas,
2499 2129 2772 2196 vexillum,

1655 2220 1919 2287 phaleras,
1960 2219 2060 2273 alia
2113 2220 2364 2272 militaria
2418 2220 2570 2285 dona,
2617 2235 2771 2286 prae—

1655 2311 1804 2362 terea
1865 2309 2226 2362 cicatrices
2289 2310 2563 2361 advorso
2637 2324 2771 2360 cor-

1654 2415 1828 2466 pore.

1762 2593 1806 2631 c.
1846 2578 1933 2642 85,
1965 2577 2053 2630 16:
2094 2594 2163 2629 ac
2202 2577 2254 2628 si
2292 2577 2418 2629 iam
2459 2593 2534 2627 ex
2572 2577 2769 2643 patri—

1655 2666 1768 2718 bus
1807 2666 2028 2719 Albini
2075 2668 2183 2718 aut
2227 2665 2494 2718 Bestiae
2542 2666 2771 2731 quaeri

1653 2757 1904 2820 posset,
1967 2771 2155 2807 mene
2218 2771 2294 2807 an
2355 2754 2506 2806 illos
2570 2770 2647 2807 ex
2703 2770 2770 2807 se

1652 2843 1829 2912 gigni
1875 2844 2252 2909 maluerint,
2307 2844 2458 2912 quid
2505 2860 2768 2910 respon-

1654 2948 1839 2985 suros
1866 2933 2166 2998 creditis,
2194 2933 2323 2984 nisi
2351 2948 2494 2984 sese
2521 2931 2770 2985 liberos

1653 3036 1836 3088 quam
1864 3023 2158 3088 optumos
2184 3020 2516 3072 voluisse?
2573 3019 2770 3084 Quodsi

1651 3109 1767 3161 iure
1830 3126 1916 3161 me
1979 3111 2304 3176 despiciunt,
2366 3110 2567 3162 faciant
2626 3110 2769 3163 idem

1651 3198 1934 3251 maioribus
1962 3198 2087 3262 suis,
2115 3198 2374 3264 quibu&
2413 3198 2490 3249 uti
2516 3198 2663 3265 mihi,
2690 3215 2768 3250 ex

1649 3286 1903 3339 virtute
1943 3285 2258 3338 nobilitas
2297 3287 2533 3353 coepit.

1892 3570 2040 3622 Sall.
2081 3569 2141 3622 B.
2181 3571 2228 3622 J.
2270 3587 2312 3623 c.
2354 3571 2440 3633 63,
2483 3574 2525 3622 1.

1753 3677 1860 3729 Per
1913 3677 2054 3729 idem
2112 3679 2324 3745 tempus
2379 3677 2568 3730 Uticae
2623 3678 2763 3729 forte

1648 3765 1704 3819 O.
1744 3766 1909 3818 Mario
1949 3783 2046 3832 per
2092 3767 2292 3819 hostias
2329 3766 2410 3818 dis
2448 3764 2764 3832 supplicanti

1646 3870 1872 3922 magna
1908 3856 2100 3921 atque
2139 3853 2469 3907 mirabilia
2505 3857 2762 3918 porten-

1646 3944 1708 3996 di
1767 3944 2101 4011 haruspex
2162 3943 2447 3995 dixerat:
2543 3942 2762 4008 proinde

1647 4048 1780 4099 quae
1802 4031 1976 4084 animo
2002 4032 2244 4100 agitabat,
2264 4032 2438 4083 fretus
2463 4031 2543 4083 dis
2565 4034 2762 4099 ageret,

1643 4122 1915 4174 fortunam
1953 4137 2108 4188 quam
2135 4119 2461 4186 saepissume
2489 4120 2762 4187 experire-

1644 4212 1749 4276 tur,
1789 4213 2028 4264 cuncta
2063 4225 2382 4277 prospere
2422 4213 2761 4261 eventura.

2834 1224 2908 1273 (cf.
2930 1223 3080 1267 Klebs.
3137 1256 3146 1265 .

2831 1277 2885 1318 49
2960 1277 3098 1318 .Vite
3138 1308 3147 1319 .

2830 1341 2874 1382 p.
2904 1331 2931 1371 3
2959 1332 3020 1381 7).
