3217 4900
1455 285 1902 350 „20-

501 464 791 528 lectione:
841 484 923 526 ex
971 484 1096 547 quo
1145 470 1399 547 apparet
1446 463 1523 526 de
1571 462 1819 527 duobus
1867 462 2231 525 hominibus
2273 480 2410 525 esse
2448 461 2858 544 cogitandum

502 570 622 634 His
659 573 851 653 igitur
889 573 1094 633 causis
1128 571 1439 633 adductus
1480 570 1711 632 verba
1756 568 1889 632 καὶ
1930 563 2313 653 Μικίψαν
2358 575 2441 630 ut
2486 567 2866 650 glossema

503 680 714 741 eicio
812 677 1067 739 Poterat
1114 679 1281 740 enim
1339 677 1494 755 fieri,
1551 683 1623 739 ut
1681 675 1911 758 aliquis
1970 675 2302 753 dubitaret,
2359 680 2578 737 utrum
2633 693 2864 757 prono-

501 786 671 846 mine
731 774 804 861 ὃς
867 783 1210 866 Hiempsal,
1267 803 1456 866 quem
1516 784 1870 846 litterarum
1939 783 2296 845 studiosum
2360 782 2556 844 fuisse
2612 802 2646 843 e
2702 780 2852 843 Sall.

502 891 572 952 Β.
620 891 679 952 J.
728 909 777 956 c.
832 891 932 971 17,
985 891 1017 951 7
1032 893 1076 970 ²)
1126 889 1376 970 dilucet,
1425 912 1505 951 an
1556 889 1818 972 Micipsa
1865 888 2344 971 significaretur.
2431 887 2638 962 Quam
2679 887 2863 949 dubi-

500 999 802 1060 tationem
866 1004 937 1059 ut
1006 997 1277 1075 tolleret,
1359 1000 1808 1077 grammaticus
1883 996 2171 1078 quidam,
2255 997 2486 1079 quippe
2557 997 2665 1078 qui
2730 1013 2858 1057 non

499 1103 950 1188 Hiempsalem,
986 1105 1095 1168 sed
1140 1103 1462 1187 Micipsam
1500 1105 1564 1165 in
1606 1121 1802 1185 regno
1850 1105 2258 1165 consenuisse
2297 1105 2502 1183 sciret,
2542 1096 2864 1187 Μικίψας

501 1212 939 1294 suprascripsit
952 1231 966 1292 ;
1026 1217 1240 1294 postea
1288 1229 1435 1272 vero
1484 1210 1601 1273 hoc
1647 1210 1975 1291 glossema,
2025 1230 2061 1271 a
2105 1209 2363 1272 librario
2411 1228 2536 1271 non
2587 1210 2714 1271 iam
2763 1211 2860 1271 in-

500 1316 846 1399 tellectum,
906 1321 968 1380 in
1029 1321 1228 1401 ipsius
1288 1319 1607 1400 scriptoris
1673 1315 1860 1379 verba
1929 1318 2195 1399 irrepsit.
2303 1315 2611 1379 Videmus
2666 1317 2861 1397 igitur

501 1425 691 1487 etiam
736 1425 853 1487 hoo
889 1423 1026 1487 loco
1064 1444 1101 1486 a
1136 1422 1411 1486 Diodoro
1453 1425 1671 1485 eadem
1719 1424 1962 1485 narrari
2009 1431 2199 1506 atque
2237 1443 2274 1486 a
2312 1421 2631 1486 Sallustio.
2708 1420 2858 1485 Noli

500 1532 669 1593 enim
725 1532 786 1593 id
843 1549 1149 1614 premere,
1206 1531 1374 1612 quod
1424 1528 1739 1593 Diodorus
1796 1523 2027 1607 ἄλλους
2078 1524 2251 1607 υἱοὺς
2303 1525 2592 1609 πλείους,
2653 1528 2856 1592 Sallu-

500 1640 659 1700 stius
710 1640 868 1701 duos
916 1637 1058 1700 illos
1106 1636 1272 1699 solos
1320 1637 1563 1707 laudat:
1616 1657 1757 1698 nam
1810 1637 1910 1699 hic
1955 1656 2055 1699 res
2102 1636 2444 1699 Numidiae
2491 1637 2856 1699 summatim

500 1745 902 1826 expositurus
960 1753 1207 1806 tantum
1270 1742 1528 1804 Diodori
1585 1737 1873 1826 μάλιστα
1929 1741 2507 1830 προτετιμημένοπς
2557 1746 2852 1806 nominat.

687 1868 748 1917 c.
798 1850 1060 1913 Restant
1107 1851 1231 1912 duo
1280 1848 1539 1912 Diodori
1585 1850 1933 1931 fragmenta
1986 1852 2065 1912 35
2093 1872 2129 1937 a
2176 1858 2235 1911 et
2286 1853 2384 1912 39.
2484 1850 2577 1912 De
2624 1849 2849 1931 quibus

504 1967 840 2041 antequam
907 1959 1312 2022 disseramus.
1377 1960 1705 2040 Appiani
1765 1966 2000 2040 oportet
2061 1977 2498 2040 comparemus
2553 1957 2843 2037 reliquias

497 2064 676 2127 libri
733 2063 1136 2127 Numidici.
1237 2063 1368 2126 Iam
1429 2063 1891 2147 Kuyperus2)
1948 2066 2241 2145 cognovit
2305 2067 2576 2126 inveniri
2629 2065 2693 2125 in
2747 2062 2844 2124 his

502 2171 831 2254 quaedam,
878 2190 1041 2254 quae
1080 2170 1261 2233 nobis
1299 2173 1363 2233 in
1406 2175 1774 2234 memoriam
1817 2177 2112 2234 revocent
2147 2173 2316 2234 locos
2356 2171 2661 2254 quosdam
2699 2168 2847 2231 Sal-

500 2279 741 2340 lustii.
836 2275 1064 2340 Confer
1110 2296 1200 2357 ea,
1253 2297 1415 2360 quae
1462 2279 1752 2361 apposuit
1800 2279 2107 2361 exempla,
2153 2299 2208 2361 p.
2256 2279 2533 2340 12—13.
2632 2278 2715 2338 At
2760 2282 2849 2337 ta-

500 2404 663 2466 men,
712 2391 906 2468 quare
954 2384 1321 2447 Sallustium
1365 2386 1641 2469 Appiani
1690 2390 2010 2449 auctorem
2059 2388 2293 2465 reiciat,
2343 2388 2628 2469 quinque
2675 2382 2852 2444 affert

499 2512 736 2555 causas.
838 2492 936 2554 Ne
994 2511 1109 2575 ego
1168 2494 1425 2575 quidem
1492 2494 1848 2576 Appianum
1908 2513 1941 2556 e
1999 2492 2298 2556 Sallustio
2358 2496 2639 2556 hausisse
2695 2492 2848 2553 mihi

499 2602 800 2681 persuasi,
849 2609 909 2660 at
949 2599 1317 2662 Sallustium
1369 2599 1508 2681 alia,
1556 2600 1679 2662 alia
1719 2602 2080 2683 Appianum
2129 2604 2262 2663 sive
2312 2603 2446 2664 eius
2493 2602 2728 2664 fontem
2766 2618 2846 2659 ex

500 2706 716 2768 eodem
758 2713 1009 2769 auctore
1049 2712 1435 2790 excerpsisse
1473 2727 1583 2790 pro
1626 2717 1794 2770 certo
1834 2708 2048 2769 habeo.
2119 2707 2280 2770 Nam
2317 2729 2440 2788 eas,
2480 2728 2638 2791 quas
2673 2704 2842 2783 Κηγ-

498 2832 687 2895 perus
743 2813 863 2875 sibi
909 2812 1124 2894 finxit,
1189 2814 1611 2877 dubitationes
1667 2816 1875 2878 statim
1926 2815 2236 2878 tollemus.
2339 2815 2610 2877 Primam
2660 2815 2846 2896 igitur.

500 2918 1008 2998 dubitationemss)
1073 2941 1195 2983 non
1260 2921 1589 3003 intellegO,
1658 2942 1799 2983 cum
1869 2925 2139 3004 Appiani
2202 2922 2394 2985 verbo
2460 2914 2849 3008 ἀφικομένου

499 3026 756 3089 Sallusti
806 3030 1123 3110 ,pervenit‘
1170 3028 1573 3110 respondeat3
1626 3048 1742 3090 nec
1781 3028 2098 3091 difficilius
2136 3040 2230 3092 est
2267 3049 2589 3092 removere
2627 3048 2850 3091 secun-

499 3134 712 3214 dam4),
762 3136 1060 3216 quoniam
1114 3136 1295 3216 legati
1353 3156 1493 3210 uon,
1542 3141 1612 3196 ut
1654 3134 1994 3218 Kuyperus
2033 3156 2175 3198 eum
2220 3138 2425 3198 locum
2466 3135 2855 3198 intellexisse

496 3241 773 3321 videtur,
832 3245 1116 3324 quinque
1178 3242 1424 3322 diebus,
1484 3253 1816 3324 postquam
1881 3242 2117 3305 Marius
2176 3242 2410 3304 Cirtam
2469 3255 2855 3325 pervenerat,

499 3348 613 3408 sed
654 3351 939 3430 quinque
981 3348 1219 3428 diebuS,
1267 3356 1602 3431 postquam
1646 3349 1889 3410 ba1bari
1930 3352 2154 3412 iterum
2198 3350 2360 3412 male
2398 3356 2855 3433 pugnaverant,

497 3452 731 3516 Cirtam
780 3463 1118 3533 venerunt3
1178 3460 1391 3537 itaque
1442 3457 1594 3538 quid
1643 3457 1929 3539 impedit,
1990 3461 2332 3540 quominus
2379 3459 2618 3540 legatos
2665 3457 2853 3538 paulo

676 3665 715 3732 ¹)
757 3682 862 3733 „ex
900 3666 1048 3718 libris
1086 3666 1321 3733 PuniciS,
1360 3666 1451 3734 qui
1490 3668 1631 3737 regis
1669 3668 1993 3736 Hiempsalis
2031 3668 2396 3722 dicebantu1·.“

496 3824 505 3833 ⁸
676 3754 715 3821 ²)
754 3755 990 3823 Kuyper,
1032 3755 1094 3807 de
1140 3754 1337 3821 fontib.
1379 3756 1520 3809 Plut.
1561 3762 1611 3810 et
1654 3759 1793 3825 App.
1834 3758 1899 3810 in
1946 3758 2063 3810 vita
2104 3757 2287 3810 Sullae
2337 3757 2672 3819 enarranda,
2711 3755 2849 3808 Diss.

492 3841 669 3912 1naug.
706 3845 931 3897 Traiecti
970 3846 1032 3898 ad
1073 3846 1172 3898 Rh.
1218 3846 1369 3900 1882.

675 3931 714 4001 ⁸)
753 3949 802 4001 p.
846 3934 913 3985 14
948 3934 1220 4003 Appianus
1266 3935 1394 3988 dicit
1441 3936 1779 4005 Simpliciter:
1844 3939 1973 3999 ,ποῦ
2029 3943 2255 4008 [Μαρίου
2303 3938 2354 3997 ἐς
2400 3943 2606 4009 Κίρταν
2654 3931 2852 4006 ἀφικο-

493 4025 715 4092 μένου.“
788 4022 1088 4077 Sallustius:
1128 4023 1353 4077 Marium
1391 4025 1777 4079 intendisse
1815 4026 2084 4093 proficisci
2120 4026 2336 4081 Cirtam.

672 4110 713 4176 4)
752 4111 873 4164 ibid.
922 4115 1082 4181 App:
1139 4119 1403 4186 „Jl‘IaQt'ou
1451 4108 1794 4185 ἀφικομένου
1842 4119 2096 4188 πρέσβεις
2145 4119 2452 4187 παρῆσαν.“
2527 4115 2674 4169 Sall.:
2734 4117 2852 4184 post

495 4199 664 4252 diem
702 4200 1006 4268 quintum
1043 4202 1202 4274 legati
1240 4204 1481 4257 veniunt.
