3217 4900
1472 253 1915 373 ..504

510 489 791 578 πλῆθος,
839 481 1088 566 οἰκείως
1129 486 1243 576 τῆς
1277 484 1427 575 περὶ
1464 478 1669 552 αὐτὸν
1702 482 2110 576 ῥᾳδιουργίας
2143 485 2540 577 κατέστρεψε
2573 483 2695 555 τόν
2728 485 2880 575 βίον

515 593 582 662 ἐν
623 596 701 685 ‘cf
748 590 1182 684 Μοργαντίνῃ.

695 704 783 767 At
827 703 1078 766 diversa
1123 706 1219 765 est
1265 702 1567 785 quaestiO,
1614 719 1771 765 num
1809 699 1989 766 Sulla
2033 720 2102 766 re
2148 721 2300 766 vera
2344 703 2565 767 morbo
2611 704 2873 789 pedicu-

515 812 633 874 lari
681 809 955 874 afflictus
997 807 1216 872 fuerit:
1267 815 1459 892 atque
1504 809 1569 872 id
1617 816 1712 872 est
1758 808 2229 893 denegandum,
2278 829 2426 874 cum
2472 810 2876 875 solummodo

516 919 804 981 homines
849 921 961 980 aut
1002 915 1318 980 immundi
1355 920 1467 981 aut
1502 916 1739 981 virium
1776 914 2223 1000 deficientium,
2271 937 2432 1001 quos
2468 912 2881 1001 καχεκτικοὺς

518 1022 743 1087 Graeci
778 1024 1128 1105 nominant,
1172 1023 1293 1087 hoc
1327 1022 1551 1086 morbo
1587 1027 1938 1091 tententur:
1988 1042 2263 1107 quarum
2300 1044 2652 1107 causarum,
2700 1027 2879 1108 quod

516 1130 596 1193 ad
643 1128 883 1194 Sullam
942 1131 1192 1213 attinet,
1247 1136 1584 1214 utramque
1628 1129 1945 1215 intellegis
1989 1132 2246 1195 inanem
2292 1150 2429 1196 esse
2471 1169 2562 1178 —
2608 1132 2876 1196 alteram

515 1256 629 1321 per
673 1256 744 1301 se
786 1237 1008 1320 ipsam,
1054 1238 1320 1301 alteram
1357 1256 1439 1301 ex
1478 1236 1721 1301 Valerii
1758 1235 2025 1301 Maximi
2072 1257 2209 1319 ,nec
2244 1240 2418 1302 senio
2454 1239 2577 1302 iam
2617 1239 2877 1323 prolap-

516 1344 646 1409 sus‘
700 1344 905 1408 collat.
964 1345 1124 1429 App.
1173 1343 1244 1408 B.
1294 1341 1454 1427 O.1‚
1502 1363 1554 1408 c.
1606 1344 1734 1407 104
1790 1335 1944 1424 ,οὐδ’
2002 1335 2283 1433 ἀσθενὴς
2339 1337 2425 1409 ὢν
2470 1331 2668 1422 αὖθις
2711 1341 2778 1423 ἐς
2829 1339 2880 1410 ο’

513 1474 578 1517 τι
629 1442 977 1540 ὄρμτσειεν·
1025 1435 1073 1537 εἷ
1122 1445 1358 1515 dvvavr
1401 1448 1521 1534 μὲν
1564 1446 1661 1516 ἐτι
1691 1442 1732 1539 ἡ
1765 1441 1982 1539 ἧλικια
2018 1450 2133 1518 καὶ
2167 1475 2248 1516 το
2290 1471 2474 1534 σωμα
2512 1444 2876 1540 εἴρωστονβ

517 1565 580 1623 et
633 1557 801 1622 Plut.
857 1556 1013 1621 SuJL
1074 1577 1123 1622 c.
1193 1557 1294 1639 37,
1356 1559 1467 1642 qui
1520 1565 1664 1642 post
1713 1557 1955 1623 Sullam
2009 1563 2333 1623 mortuum
2400 1557 2596 1622 filiam
2654 1563 2875 1623 natam

517 1684 654 1730 esse
712 1663 999 1728 affirmat.
1091 1663 1392 1729 Eunoum
1445 1665 1750 1729 nimirum
1804 1667 2042 1730 catenis
2097 1671 2159 1730 et
2220 1666 2513 1731 sordibus
2569 1664 2871 1731 obrutum

515 1775 586 1835 in
646 1790 895 1836 carcere
939 1773 1268 1856 phthiriasi
1321 1774 1559 1855 perisse
1618 1771 1996 1838 Posidonius
2050 1774 2332 1846 tradidit;
2419 1771 2634 1837 Sullae
2699 1793 2865 1836 mer—

518 1881 600 1943 tis
681 1878 947 1943 eandem
1038 1898 1294 1943 causam
1371 1878 1684 1961 attulisse,
1780 1885 1994 1965 utpote
2069 1881 2280 1963 gravis
2356 1880 2647 1963 scriptor,
2730 1899 2855 1942 non

520 1991 616 2050 est
687 1987 1023 2070 putandus.
1140 1987 1355 2070 Atque
1415 1988 1483 2049 in
1548 1987 1878 2071 phthiriasi
1950 1987 2233 2071 urgenda
2293 1987 2630 2050 Plutarcho
2688 1985 2854 2048 Posi·

520 2095 782 2158 donium
841 2113 969 2157 non
1028 2095 1096 2158 in
1155 2099 1452 2179 promptu
1496 2093 1692 2158 fuisse
1739 2114 1822 2158 ex
1868 2114 1941 2159 eo
1987 2097 2123 2180 ipso
2164 2100 2437 2179 apparet,
2485 2094 2655 2177 quod
2699 2093 2862 2177 apud

522 2200 873 2265 Diodorum
937 2200 1203 2264 Eunous
1262 2199 1724 2286 Morgantinae,
1790 2203 1958 2286 apud
2023 2201 2437 2266 Plutarchum
2499 2200 2736 2264 Romae
2792 2200 2870 2262 de

517 2310 649 2372 vita
692 2310 938 2392 migrat.

698 2413 975 2480 Proinde
1040 2435 1202 2501 quae
1265 2418 1558 2500 sentiam,
1622 2415 1898 2481 breviter
1961 2417 2365 2500 complectar:
2433 2434 2640 2500 neque
2701 2415 2870 2500 apud

523 2522 775 2588 Livium
823 2543 1032 2608 neque
1077 2525 1244 2609 apud
1293 2524 1706 2589 Posidonium
1754 2526 2114 2608 phthiriasis
2161 2523 2376 2588 Sullae
2423 2542 2864 2587 commemora-

522 2639 656 2713 tur3
695 2638 824 2696 tota
861 2632 1075 2695 fabula
1108 2631 1257 2695 ficta
1287 2651 1423 2695 esse
1454 2633 1706 2696 videtur
1737 2651 1864 2695 non
1897 2636 2026 2695 tam
2060 2653 2096 2694 a
2127 2631 2341 2695 Sullae
2370 2631 2645 2694 inimicis
2675 2649 2857 2712 quam

524 2762 560 2805 a
590 2742 890 2824 scriptore
923 2740 1213 2823 quodam,
1249 2742 1359 2822 qui
1383 2758 1595 2802 rerum
1621 2741 1991 2802 memoriam
2015 2740 2323 2802 rhetorice
2347 2757 2571 2801 ornare
2594 2739 2859 2823 gestiret.

523 2847 881 2931 Rhetorice,
937 2850 1227 2930 inquam,
1275 2847 1575 2930 quoniam
1621 2846 1831 2910 verbis
1876 2846 2103 2910 πᾶσαν
2148 2842 2398 2933 ἐσθῆτα
2445 2843 2559 2909 καὶ
2606 2838 2872 2933 λουτρὸν

522 2953 636 3020 καὶ
666 2945 1014 3039 ἀπόνιμμα
1046 2951 1160 3020 καὶ
1190 2948 1395 3019 σιτίον
1424 2944 1994 3038 ἀναπίμπλασθαι
2024 2952 2152 3019 τοῦ
2182 2945 2553 3039 ῥεύματος
2582 2948 2878 3017 ἐκείνου

493 3053 655 3127 >καὶ
710 3062 840 3149 τῆς
897 3062 1200 3150 φθορᾶς
1258 3061 1572 3126 evincitur
1630 3061 1767 3124 eius
1823 3061 2074 3125 fabulae
2134 3062 2527 3123 inventorem
2590 3061 2882 3143 proprias

525 3169 887 3252 phthiriasis
943 3174 1123 3231 notas
1179 3188 1583 3252 nequaquam
1643 3172 2002 3250 perspectas
2048 3167 2371 3230 habuisse:
2423 3185 2572 3228 nam
2619 3171 2682 3230 et
2728 3168 2887 3229 Ari-

525 3275 776 3338 stoteles
823 3275 926 3357 (H.
959 3279 1034 3338 A.
1068 3274 1138 3358 V,
1173 3275 1283 3356 31)
1331 3273 1911 3357 et-BuxbaumiuS‚
1965 3273 2301 3354 Gaulkius,
2350 3271 2721 3336 Landoisius
2770 3271 2887 3353 (cf.

526 3382 719 3446 Land.
755 3382 796 3445 1.
832 3381 873 3445 1.
911 3403 968 3466 p.
1011 3380 1298 3463 30-36)
1343 3380 1640 3444 morbum
1686 3380 1870 3445 illum
1917 3380 2035 3443 hoc
2081 3380 2311 3444 habere
2349 3381 2588 3461 docent,
2634 3382 2706 3440 ut
2752 3383 2890 3458 ,tu-

526 3490 801 3554 berculis
848 3492 1076 3574 apertis
1122 3488 1374 3552 nullum
1418 3488 1548 3552 fere
1580 3490 1918 3573 vestigium
1956 3508 2073 3552 nec
2118 3488 2252 3551 ulla
2288 3485 2658 3571 profluentis
2693 3488 2893 3569 puris

525 3604 706 3682 gutta
736 3597 1011 3682 prodeat,
1041 3596 1149 3660 sed
1182 3600 1433 3659 tantum
1455 3597 1738 3660 maxima
1762 3598 2085 3680 congeries
2109 3593 2580 3679 pediculorum}
2649 3591 2895 3677 Neque

528 3723 678 3768 vero
739 3705 883 3788 quis
936 3704 1097 3767 hanc
1153 3702 1432 3767 fabulam
1477 3701 1763 3787 finxerit,
1819 3705 2020 3768 audeo
2068 3702 2437 3782 diiudicare,
2495 3718 2702 3783 neque
2748 3717 2896 3782 qua.

527 3831 596 3876 re
649 3815 971 3895 permotus
1026 3812 1290 3895 scriptor
1347 3808 1459 3873 ille
1504 3812 1762 3894 ignotus
1809 3810 2199 3894 phthiriasim
2249 3806 2465 3872 Sullae
2510 3807 2886 3890 ingesserit:

527 3920 790 3982 fortasse
834 3918 955 3982 fuit
985 3916 1315 3982 Cornelius
1351 3915 1582 4002 Nepos,
1629 3918 1889 3981 fortasse
1935 3914 2312 3996 Fenestella5
2359 3915 2623 3978 fortasse
2660 3930 2894 3978 veram

529 4045 783 4090 causam
839 4028 1159 4110 perspexit
1214 4024 1393 4088 Zieh
1408 4044 1597 4089 enus
1643 4025 1764 4087 vol.
1814 4023 1894 4086 57
1945 4022 2169 4087 Philol.
2214 4044 2272 4108 p.
2326 4022 2453 4085 189
2511 4021 2620 4106 qui
2679 4024 2896 4088 totam

529 4152 669 4219 rem
705 4152 789 4196 ex
819 4134 980 4218 App.
1011 4132 1084 4197 B.
1118 4131 1183 4197 C.
1215 4131 1267 4214 I,
1298 4151 1348 4196 c.
1389 4133 1511 4196 101
1553 4133 1880 4215 ingeniose
1918 4130 2298 4218 explicabat:
2337 4131 2490 4193 certi
2527 4128 2896 4217 quidquam

532 4244 807 4305 statuere
850 4258 978 4304 non
1025 4259 1379 4325 possumus
