3217 4900
1430 300 1870 365 -36-

649 479 942 546 Ceterum
1004 498 1232 564 operae
1292 479 1565 563 pretium
1628 482 1724 542 est
1782 497 1865 542 ex
1924 479 2391 562 comparatione
2448 477 2709 542 Sallusti
2772 484 2834 541 et

470 588 798 653 Plutarchi
855 606 1112 652 cernere
1129 635 1145 667 ,
1201 605 1329 669 qua
1387 590 1521 648 arte
1567 583 1935 666 Sallustius,
1993 590 2068 648 ut
2116 584 2299 648 Marii
2344 585 2591 668 culpam
2642 588 2835 668 atque

471 696 732 778 spiritus
789 713 824 757 e
884 697 1095 757 causis
1150 711 1365 756 rerum
1411 698 1475 755 et
1519 690 2073 756 consecutionibus
2120 691 2490 775 explicaret,
2546 691 2834 754 ordinem

470 820 683 865 rerum
731 801 1089 864 mutaverit.

653 908 842 992 Apud
892 906 1315 999 Plutarchum
1362 906 1533 968 enim
1574 903 1815 968 Marius
1860 911 2114 989 propter
2157 906 2453 970 virtutem
2503 911 2565 969 et
2609 906 2832 969 huma-

469 1015 746 1078 nitatem
769 1051 774 1055 ·
794 1012 1299 1077 benevolentiam
1346 1011 1618 1074 militum
1672 1011 1936 1094 adeptus
1979 1011 2149 1094 apud
2186 1030 2311 1093 eos,
2360 1015 2471 1095 qui
2506 1014 2571 1075 in
2611 1014 2833 1075 castris

470 1126 639 1202 sunt,
701 1120 1086 1204 populariter
1141 1119 1296 1202 agit,
1352 1115 1618 1181 Romam
1668 1116 1973 1198 scribant,
2027 1119 2150 1181 nisi
2196 1116 2438 1182 Marius
2484 1118 2706 1182 consul
2750 1118 2833 1181 ad

470 1228 535 1290 id
592 1226 831 1291 bellum
892 1228 1124 1290 missus
1178 1226 1286 1301 sit,
1343 1224 1593 1287 nullum
1650 1224 1784 1287 fore
1836 1222 2031 1287 finem
2079 1223 2244 1287 belli.
2340 1223 2633 1288 Metellus
2677 1224 2835 1287 haec

475 1336 615 1418 ipsa
650 1336 926 1418 graviter
962 1333 1188 1412 ferenS,
1225 1332 1478 1414 capitali
1507 1332 1651 1395 odio
1683 1331 1946 1394 dissidet
1982 1351 2018 1394 a
2057 1329 2275 1412 Mario,
2311 1337 2644 1415 postquam
2674 1329 2833 1393 Tur-

469 1442 662 1524 pilius
715 1447 932 1504 contra
977 1442 1079 1502 ius
1128 1439 1347 1522 fasque
1395 1443 1655 1502 necatus
1703 1443 1826 1518 est3
1881 1437 2080 1501 Mario
2128 1440 2493 1503 missionem
2540 1438 2830 1501 consula—

469 1553 576 1612 tus
620 1547 877 1631 petendi
923 1547 1126 1629 gratia
1170 1545 1517 1628 postulanti
1562 1545 1804 1623 illudit3
1855 1544 2110 1609 tandem
2158 1545 2526 1629 fatigantem
2573 1545 2650 1608 de
2685 1563 2830 1627 pro—

471 1654 742 1718 fectione
780 1654 1039 1717 domum
1073 1653 1346 1715 dimittit.
1426 1651 1644 1715 Uticae
1677 1651 1876 1716 Mario
1908 1671 2021 1736 per
2049 1653 2287 1716 hostias
2320 1654 2417 1716 dis
2449 1651 2833 1735 supplicanti

472 1778 703 1843 magna
763 1767 954 1843 atque
1000 1758 1314 1822 mirabilia
1360 1758 1648 1841 portendi
1695 1760 2014 1843 haruspex
2061 1760 2229 1825 dicit.
2321 1759 2561 1823 Romae
2607 1759 2830 1821 consul

472 1867 675 1932 factus
722 1866 955 1930 milites
1001 1865 1238 1946 scribit,
1285 1865 1530 1928 nobiles
1577 1865 1970 1929 orationihus
2010 1867 2144 1930 suis
2183 1868 2392 1948 laedit,
2444 1869 2508 1929 in
2552 1865 2827 1929 Africam

475 1973 911 2058 proficiscitur.

656 2080 846 2163 Apud
904 2078 1276 2144 Sallustium
1334 2098 1483 2143 vero
1531 2078 1756 2147 Mario,
1788 2079 1948 2143 forte
1997 2080 2218 2145 Uticae
2272 2100 2383 2164 per
2439 2080 2674 2144 hostias
2731 2079 2832 2141 dis

473 2189 853 2272 supplicanti
887 2205 1119 2268 magna
1149 2192 1339 2269 atque
1369 2185 1681 2250 mirabilia
1702 2188 1993 2270 portendi
2019 2189 2338 2272 haruspex
2363 2189 2532 2268 dicit,
2561 2187 2833 2270 proinde

475 2314 638 2378 quae
676 2295 887 2359 animo
925 2293 1218 2377 agitabat,
1259 2292 1459 2356 fretus
1496 2293 1595 2356 dis
1632 2299 1862 2376 ageret,
1908 2300 2137 2360 cuncta
2172 2313 2467 2379 prospere
2508 2300 2832 2357 eventura.

473 2405 545 2484 (o,
596 2401 784 2482 63‚1.)
856 2405 943 2464 At
988 2401 1168 2465 illum
1219 2402 1346 2463 iam
1394 2405 1578 2464 antea
1616 2401 1983 2466 consulatus
2021 2404 2247 2487 ingens
2285 2403 2513 2485 cupido
2550 2401 2832 2484 exagita-

474 2510 596 2576 bat.
689 2510 764 2593 (c.
817 2508 1002 2591 63,2).
1079 2507 1286 2591 Igitur
1332 2506 1443 2570 ubi
1483 2506 1723 2571 Marius
1773 2510 2123 2592 haruspicis
2162 2510 2328 2574 dicta
2365 2508 2581 2572 eodem
2619 2510 2831 2570 inten—

478 2618 626 2680 dere
659 2617 848 2696 videt,
882 2635 1009 2699 quo
1042 2616 1271 2699 cupido
1303 2607 1498 2677 animi
1530 2614 1915 2698 hortabatur,
1948 2616 2027 2679 ab
2055 2615 2304 2680 Metello
2335 2615 2598 2700 petundi
2629 2616 2835 2697 gratia

479 2725 845 2787 missionem
893 2727 1085 2805 rogat.
1160 2726 1232 2800 (c.
1285 2721 1475 2804 64,1).
1547 2723 1654 2785 Ac·
1689 2728 1907 2805 postea
1943 2724 2194 2807 saepius
2230 2725 2447 2787 eadem
2485 2720 2833 2806 postulanti

476 2830 772 2898 Metellus
817 2829 1045 2893 illudit.
1145 2830 1221 2912 (c.
1273 2827 1464 2911 64,4).
1534 2827 1695 2891 Tum
1744 2829 1998 2893 demum
2048 2829 2286 2894 Marius
2333 2829 2499 2914 apud
2547 2847 2671 2908 eOS,
2720 2829 2833 2911 qui

479 2938 543 2999 in
592 2939 812 3001 castris
858 2945 1026 3018 sunt,
1071 2934 1460 3019 populariter
1506 2936 1638 3020 agit
1683 2934 1760 3017 (c.
1810 2935 2006 3020 64,5),
2051 2936 2317 3001 Romam
2364 2937 2659 3016 scribant,
2709 2939 2832 2999 nisi

481 3043 722 3107 Marius
768 3044 847 3107 ad
894 3044 958 3106 id
1006 3043 1244 3107 bellum
1292 3043 1515 3106 consul
1553 3043 1786 3107 missus
1824 3044 1923 3122 sit,
1971 3045 2221 3108 nullum
2256 3044 2390 3107 fore
2425 3042 2620 3108 finem
2659 3043 2826 3111 belli.

477 3149 555 3233 (c.
591 3149 780 3233 65,4).
850 3151 924 3214 In
952 3150 1232 3233 Turpilio
1264 3149 1622 3213 damnando
1659 3149 2009 3214 Marinulla
2039 3150 2113 3214 fit
2135 3152 2388 3215 mentio.
2412 3153 2489 3232 (c.
2518 3151 2818 3230 66-69).

475 3256 749 3320 Tandem
802 3256 1098 3321 Metellus
1138 3256 1410 3321 Marium
1456 3257 1824 3340 fatigantem
1874 3258 1952 3321 de
1997 3257 2402 3341 profectione
2427 3259 2685 3321 domum
2729 3256 2814 3317 di-

478 3365 703 3443 mittit3
755 3363 995 3428 Marius
1041 3363 1283 3428 Romae
1329 3366 1552 3429 consul
1596 3365 1800 3428 factus
1847 3366 2077 3429 milites
2122 3365 2353 3447 scribit,
2404 3364 2647 3428 nobiles
2687 3381 2817 3426 ora·

477 3470 759 3535 tionibus
806 3475 938 3535 suis
985 3472 1197 3553 laedit,
1241 3474 1307 3534 in
1356 3472 1636 3535 Africam
1685 3469 2118 3554 proficiscitur.
