3217 4900
1392 358 1481 369 —-
1574 322 1612 384 ⁷

402 497 553 562 Sall.
593 498 664 562 B.
707 499 755 561 Ι.
803 520 853 563 e.
904 502 990 563 84
1037 500 1322 583 eontulit,
1369 500 1701 566 scribendo
1749 520 1893 566 eum
1944 504 2190 586 lapsum
2240 520 2377 565 esse
2424 502 2764 566 verisimile

402 611 531 668 est:
584 626 729 669 nam
781 609 982 671 multo
1029 612 1308 693 apertius
1355 608 1502 689 Sall.
1551 609 1623 672 B.
1671 607 1720 671 I.
1767 630 1818 673 c.
1868 610 2014 688 86,2
2065 606 2344 672 concinit
2389 628 2533 672 cum
2586 608 2762 672 Plut-

402 713 630 791 arch03
688 722 1010 798 praeterea
1065 715 1396 780 Klebsium
1457 716 1621 799 fugit
1675 721 1735 780 et
1790 715 1933 780 Val.
1985 716 2151 783 Max,
2199 715 2294 796 H,
2343 716 2438 797 3,1
2492 721 2554 779 et
2598 714 2761 779 Flor.

403 819 456 898 l,
505 821 700 899 36,13
755 861 832 868 ——
877 843 1004 907 quo
1053 843 1367 887 consensu
1408 822 1661 886 Livium
1711 842 1927 887 eorum
1977 823 2212 886 fontem
2261 822 2459 886 fuisse
2507 823 2761 886 demon·

402 934 643 990 stratur
690 967 773 975 —
823 931 1089 994 eandem
1147 930 1416 995 dilectus
1473 933 1677 1014 capite
1736 949 2071 994 censorum
2120 949 2376 993 oausam
2424 928 2645 992 afferre
2691 948 2763 991 ao

402 1032 781 1098 Sallustium
849 1037 985 1100 loco
1049 1038 1235 1100 modo
1303 1043 1808 1102 commemorato,
1916 1037 2244 1100 Postremo
2307 1035 2575 1099 arbitror
2634 1055 2761 1098 non

401 1159 728 1224 perperam
777 1163 813 1205 a
851 1162 954 1205 me
1000 1144 1481 1208 similitudinem
1530 1143 1811 1228 aliquam
1858 1149 2170 1229 repertam
2217 1162 2354 1206 esse
2401 1141 2763 1206 Plutarchei

402 1249 623 1331 eapitis
670 1252 823 1312 noni
870 1256 1045 1331 extr„
1093 1250 1238 1314 Sall.
1291 1251 1358 1312 B.
1407 1248 1458 1313 I.
1509 1270 1558 1314 c.
1612 1251 1714 1331 73,
1760 1253 1823 1332 4,
1871 1250 2041 1315 Cass.
2090 1247 2273 1313 Dion.
2323 1249 2394 1311 fr.
2445 1249 2610 1331 89,3.

437 1440 604 1495 Plut.
642 1442 793 1497 Mar.
835 1462 883 1498 o.
921 1444 957 1498 8
993 1445 1131 1499 med.

472 1549 587 1603 Καὶ
614 1547 846 1621 λέγεταί
882 1570 1024 1608 ποτε
1047 1556 1151 1608 τοῦ

1261 1444 1410 1499 Sall.
1450 1446 1510 1498 B.
1550 1446 1598 1497 J.
1640 1462 1685 1498 0.
1724 1444 1811 1510 64,
1848 1446 1898 1496 4.

1279 1568 1341 1606 ac
1376 1553 1562 1620 postea
1607 1552 1821 1620 saepius
1865 1568 1953 1605 ea-

2035 1444 2214 1499 CaSS.
2252 1443 2437 1496 Dion.
2475 1443 2544 1494 fr.
2584 1441 2671 1508 89,
2709 1443 2760 1496 3.

2087 1531 2211 1603 Kal'
2233 1543 2470 1616 μάλισθ’
2508 1537 2600 1602 ὅτι
2638 1545 2761 1602 ἑλο-

405 1639 636 1709 Μαρίου
686 1636 975 1712 παρόντος
1030 1634 1154 1698 οἷον
1207 1643 1330 1696 dem
1411 1641 1700 1709 postulanti
1778 1641 1957 1696 fertur
2010 1633 2298 1709 γοποιήθη
2336 1634 2438 1692 τὸν
2465 1634 2763 1692 Μέτελλον

403 1723 725 1799 ἐφυβρίζων
775 1723 805 1784 ὃ
865 1728 1154 1798 Μέτελλος
1207 1731 1422 1799 dixisse,
1460 1746 1530 1784 ne
1554 1730 1839 1783 festinaret
1863 1730 1953 1783 ab·
2012 1724 2338 1799 παριεμένῳ
2410 1720 2546 1781 τότε
2620 1744 2763 1796 προς

402 1814 609 1871 εἰπεῖν·
657 1815 783 1881 ,,Σὺ
822 1815 887 1888 δὴ
926 1823 1151 1875 καταλι-

402 1902 528 1959 πὼν
582 1900 755 1974 ἡμᾶς,
814 1896 860 1962 ὦ
908 1917 1151 1979 γενναῖε,

403 1997 565 2049 πλεῖν
612 1989 706 2048 ἔπ’
748 1991 909 2052 οἴκου
956 1999 1152 2068 διανοῇ

402 2086 499 2137 καὶ
542 2083 960 2155 παραγγέλλειν
1009 2084 1151 2142 ὕπα-

402 2173 593 2236 velam

476 2257 550 2316 οὗ
579 2258 709 2332 γὰρ
734 2258 1150 2332 ἀγαπήσεις,

402 2344 484 2405 ἂν
520 2349 723 2425 τῷμῷ
760 2354 955 2407 παιδὶ
997 2348 1150 2408 τοτ’-

402 2459 494 2514 τῳ
591 2435 1150 2511 συνυπατεύσῃς,·

397 2518 510 2583 Ἦν
566 2530 633 2584 δὲ
692 2533 724 2585 ό
773 2539 935 2596 παῖς
988 2526 1148 2599 τῖότε

401 2623 523 2673 τοῦ
574 2618 935 2675 Μετέλλου
982 2639 1145 2674 παν-

402 2705 659 2763 τάπασι
695 2708 1120 2781 μειράκιον.”

460 2887 625 2941 Plut.
666 2888 815 2942 Mar.
856 2907 901 2942 e.
939 2890 973 2943 9
1011 2890 1083 2941 in.

462 2989 890 3066 .ἶίναγορευθεὶς
916 2993 976 3050 δὲ
1014 2999 1150 3064 λαμ-

402 3087 562 3153 πρῶς
600 3079 773 3147 εὐθὺς
818 3080 1151 3155 ἐστρατο-

402 3167 599 3241 λόγει
646 3169 831 3242 παρὰ
879 3169 999 3228 τὸν
1042 3170 1151 3228 νό-

401 3280 530 3327 μον
585 3264 701 3316 καὶ
766 3258 889 3330 τὴν
951 3258 1148 3331 συνή-

404 3353 611 3405 θειαν
711 3347 926 3406 πολὺν
1032 3348 1151 3407 τὸν

403 3431 671 3510 ἄπορον
728 3443 842 3495 καὶ
902 3443 1153 3497 δοῦλον

402 3526 902 3600 καταγράφων,
1038 3533 1153 3584 τῶν

403 3614 671 3686 πρόσθεν
730 3611 1031 3688 ἡγεμόνων
1086 3614 1151 3674 οὕ

403 3705 885 3776 προσδεχομένων
1023 3704 1154 3771 τοὺς

402 3791 722 3859 τοιούτους,
774 3792 914 3860 ἀλλ’,
957 3784 1154 3867 ὥσπερ

401 3878 544 3939 ἄλλο
581 3904 631 3939 τι
676 3886 792 3939 τῶν
828 3888 1034 3948 καλῶν,
1083 3880 1153 3938 τὰ

404 3961 554 4028 ὅπλα
608 3970 755 4043 μετὰ
819 3976 984 4041 τιμῆς
1037 3981 1156 4039 τοῖς

403 4058 584 4128 ἀξίοις
619 4058 927 4131 νεμόντων,

1207 1820 1286 1874 ire
1300 1839 1311 1873 :

1277 2175 1443 2228 satis
1479 2176 1736 2228 mature
1764 2172 1953 2226 illum

1207 2280 1346 2317 eum
1382 2262 1532 2317 filio
1570 2279 1688 2316 suo
1726 2278 1953 2317 oonsu-

1204 2352 1407 2406 latum
1439 2353 1820 2420 petiturum.
1888 2350 1953 2406 Is

1206 2459 1278 2496 eo
1325 2444 1622 2510 tempore
1668 2441 1952 2496 contuber-

1204 2534 1293 2585 nio
1328 2533 1496 2600 patris
1531 2531 1729 2585 ibidem
1754 2531 1950 2584 milita-

1206 2622 1310 2686 bat,
1359 2637 1561 2674 annos
1598 2622 1793 2674 natus
1829 2621 1950 2674 oir-

1205 2711 1377 2763 citer
1414 2710 1671 2778 viginti.

1261 2889 1412 2943 sall.
1454 2888 1512 2942 B.
1550 2889 1600 2942 J.
1640 2903 1686 2941 ο.
1724 2887 1810 2954 86,
1849 2887 1899 2939 2.

1277 2997 1400 3065 Ipse
1458 2997 1667 3049 interea
1711 2995 1957 3047 milites

1208 3085 1505 3139 seribere
1579 3100 1705 3136 non
1781 3100 1956 3136 more

1206 3174 1517 3227 maiorum
1590 3188 1803 3240 neque
1878 3165 1958 3226 ei<

1207 3262 1557 3329 elassibuS,
1596 3262 1693 3314 sed
1727 3261 1808 3314 uti
1844 3261 1955 3314 cui-

1208 3367 1374 3418 usque
1389 3350 1564 3403 lubido
1586 3352 1717 3417 erat,
1739 3367 1767 3403 o
1780 3366 1853 3416 ap
1864 3349 1882 3400 i
1892 3353 1915 3401 t
1926 3366 1954 3401 e

1208 3455 1442 3494 censos
1466 3439 1836 3508 plerosque.
1893 3438 1955 3490 Id

1207 3531 1409 3583 factum
1474 3527 1561 3581 alii
1623 3526 1800 3595 inopia
1861 3526 1951 3579 bo-

1207 3634 1415 3679 norum,
1443 3617 1530 3671 alii
1554 3632 1674 3684 per
1698 3615 1952 3669 ambiti-

1209 3723 1389 3760 onem
1464 3706 1758 3760 oonsulis
1830 3721 1953 3758 me-

1208 3796 1570 3863 morabant,
1591 3795 1759 3864 quod
1784 3794 1858 3848 ab
1884 3809 1955 3847 eo

1208 3902 1456 3954 genere
1575 3883 1956 3938 celebratus

1211 3980 1573 4043 auctusque
1649 3974 1816 4039 erat,
1902 3973 1957 4024 et

1206 4064 1408 4117 homini
1453 4063 1744 4133 potentiam
1793 4077 1953 4129 quae-

1207 4153 1347 4206 renti
1385 4152 1761 4221 egentissimus
1810 4150 1952 4218 quis-

1205 4259 1308 4310 que
1329 4240 1827 4324 opportunissimuS,
1849 4239 1954 4290 oui

2009 1815 2109 1880 τὰς
2137 1810 2504 1887 ἀρχαιρεσίας
2529 1818 2611 1888 τῷ
2638 1815 2761 1868 Μα-

2010 1907 2115 1979 ρίῳ
2154 1902 2359 1959 εἰπεῖν·

2082 2249 2188 2316 ὅτι
2235 2258 2512 2331 ἀγαπᾶν
2568 2255 2759 2328 ὀφεί-

2009 2353 2166 2414 λεις,
2188 2341 2458 2416 ἄνμετὰ
2478 2352 2600 2403 τοῦ
2620 2345 2757 2403 υἷέ-

2010 2458 2084 2505 ος
2111 2458 2258 2508 μου,
2287 2433 2659 2509 μειράκιον
2689 2436 2757 2491 δὲ

2010 2526 2283 2592 ἐκεῖνος
2319 2519 2421 2597 ἦν,
2460 2520 2758 2582 ὐπατεύ-

2009 2634 2143 2687 σῃς.

2079 2885 2214 2939 Val.
2252 2885 2414 2939 Max.
2454 2883 2524 2950 H,
2562 2884 2614 2950 3,
2655 2886 2703 2936 1.

2084 2992 2188 3046 Sed
2260 2993 2427 3044 hane
2500 2990 2760 3043 diutina

2012 3081 2449 3149 usurpatione
2522 3080 2757 3132 forma-

2011 3172 2137 3223 tam
2211 3168 2757 3223 consuetudinem

2013 3257 2072 3313 O.
2113 3258 2310 3311 Marius
2357 3256 2573 3324 eapite
2612 3272 2756 3310 oen-

2012 3362 2150 3398 sum
2175 3346 2454 3415 legendo
2481 3345 2756 3398 militem

2012 3434 2298 3502 abrupit,
2370 3434 2501 3488 civis
2563 3433 2756 3501 alioqui

2009 3523 2343 3593 magnificus,
2365 3523 2474 3575 sed
2502 3522 2754 3575 novita-

2007 3613 2095 3666 tis
2142 3627 2296 3666 suae
2346 3609 2758 3663 conscientia

2008 3700 2340 3756 vetustati
2413 3715 2539 3753 non
2600 3697 2753 3752 sane

2009 3790 2345 3859 propitius
2426 3802 2753 3855 memorque,

2010 3880 2057 3933 si
2081 3879 2331 3932 militaria
2367 3878 2518 3947 signa
2539 3873 2753 3928 humili-

2009 3970 2174 4021 tatem
2247 3982 2502 4034 spernere
2571 3979 2753 4032 perse-

2009 4059 2283 4122 verarent,
2341 4072 2399 4108 se
2450 4071 2480 4107 a
2525 4052 2754 4121 maligno

2008 4148 2264 4201 virtutum
2285 4145 2581 4211 interprete
2607 4141 2757 4196 velut

2009 4237 2180 4304 eapite
2245 4250 2462 4288 censum
2524 4232 2754 4298 impera-
