3217 4900
1338 330 1778 396 -21-

379 515 523 595 post
560 508 834 573 Marium
884 509 1107 574 urbem
1152 512 1423 575 intrasse
1468 506 1906 594 suspicemur?
1973 509 2181 575 Tertio
2229 515 2293 573 et
2337 515 2563 594 quarto
2600 508 2741 575 loco

382 617 783 703 Kuyperus¹)
829 637 961 680 non
1006 617 1208 698 videt,
1256 618 1573 702 quomodo
1623 619 1968 698 cohaereat,
2016 617 2185 702 quod
2233 618 2400 700 apud
2448 618 2738 682 Sallusti-

382 745 492 788 um
540 724 737 804 Sulla,
784 730 920 787 tum
960 723 1270 805 BocchuS,
1318 724 1487 808 apud
1527 725 1893 808 Appianum
1931 723 2239 805 Bocchu8,
2286 731 2421 788 tum
2463 723 2741 788 Manlius

384 834 697 896 orationes
739 830 1031 913 habeant,
1064 850 1272 914 neque
1304 831 1501 895 ullam
1533 833 1780 894 invenit
1811 832 2136 913 rationem,
2166 850 2281 894 cur
2313 830 2527 895 Sullae
2560 831 2741 895 Man-

384 938 583 1021 liique
628 937 827 1002 verba
871 938 1057 1021 plane
1104 939 1353 1002 diversa
1398 941 1543 1001 sint.
1616 938 1668 1001 Ο
1709 937 2094 1022 singularem
2133 938 2314 1001 illum
2355 956 2743 1022 caecumque

383 1063 630 1120 casum,
688 1064 817 1130 quo
862 1045 1096 1108 factum
1147 1047 1256 1126 sit,
1311 1053 1385 1110 ut
1429 1045 1598 1128 apud
1649 1051 1991 1129 utrumque
2037 1046 2403 1129 scriptorem
2451 1044 2742 1111 Bocchus

384 1153 633 1215 easdem
684 1153 1027 1217 sententias
1073 1153 1298 1215 iisdem
1346 1152 1553 1217 verbis
1602 1153 1897 1235 aperiret!
1970 1150 2199 1216 Nonne
2245 1152 2422 1215 vides
2470 1154 2742 1216 alterum

385 1258 462 1321 ab
509 1259 705 1322 altero
753 1256 1073 1343 suppleri?
1165 1258 1421 1323 Primus
1468 1258 1674 1340 Sulla,
1731 1261 1913 1322 euius
1959 1259 2320 1342 facundiae,
2379 1279 2505 1322 non
2555 1261 2741 1323 aetati

386 1385 422 1427 a
470 1364 708 1428 Manlio
755 1385 1144 1448 concessum,
1191 1367 1491 1451 loquitur.
1565 1366 1666 1428 Ad
1714 1385 1789 1429 ea
1834 1365 2125 1430 Bocchus
2170 1385 2371 1449 pauca
2415 1366 2610 1429 verba
2646 1367 2736 1430 fa-

390 1473 488 1554 cit,
537 1491 704 1556 quae
743 1472 1021 1536 Manlius
1068 1473 1350 1537 refellere
1396 1475 1623 1536 studet.
1694 1472 1919 1557 Neque
1966 1475 2134 1536 enim
2182 1472 2318 1536 fieri
2366 1480 2624 1557 poterat,
2673 1484 2743 1537 ut

396 1577 567 1641 Sulla
611 1580 841 1642 iterum
894 1579 1268 1664 disputaret,
1319 1581 1444 1643 nisi
1490 1599 1641 1642 vero
1691 1579 1967 1643 Manlius
2015 1582 2194 1663 quasi
2241 1588 2484 1642 mutam
2527 1600 2742 1664 perso-

394 1704 533 1748 nam
576 1687 892 1749 sustinere
936 1688 1314 1771 concupivit.
1412 1686 1625 1750 Manet
1681 1687 1758 1749 de
1814 1686 2110 1750 omnibus
2166 1686 2536 1749 differentiis
2594 1707 2723 1749 una

393 1813 571 1876 quam
614 1792 957 1878 Kuyperus
1005 1795 1293 1877 quintam
1340 1794 1575 1857 attulit:
1638 1794 1829 1876 legati
1875 1792 2112 1857 Bocchi
2158 1793 2326 1877 apud
2373 1795 2737 1878 Appianum

387 1901 461 1963 ad
507 1900 714 1963 solum
766 1899 1039 1964 Marium
1084 1902 1177 1964 ire
1223 1901 1543 1981 iubentur,
1590 1901 1758 1984 apud
1791 1899 2164 1964 Sallustium
2213 1901 2292 1964 ad
2343 1899 2615 1964 Marium
2667 1921 2740 1965 ac

382 2008 622 2086 deinde,
668 2007 725 2069 si
770 2006 1028 2089 placeat,
1075 2006 1360 2071 Romam.
1430 2009 1517 2070 At
1560 2044 1652 2053 —
1689 2025 1771 2069 ne
1819 2007 2025 2070 dicam
2071 2008 2324 2072 nullum
2369 2026 2506 2071 esse
2553 2028 2737 2092 argu-

378 2123 666 2177 mentum
712 2133 747 2177 e
807 2114 1058 2177 silentio
1113 2116 1379 2198 petitum
1444 2151 1522 2163 —
1583 2114 1738 2198 quid
1794 2114 1963 2176 valet
2016 2114 2171 2177 haec
2224 2134 2353 2178 una
2409 2115 2738 2179 diversitas

378 2227 598 2284 contra
652 2227 744 2283 tot
805 2221 1253 2285 similitudines
1309 2223 1476 2305 apud
1538 2241 1689 2285 eum
1744 2221 2140 2304 scriptorem,
2198 2240 2387 2305 quem
2443 2222 2737 2286 licentius

375 2326 658 2390 fontibus
705 2347 898 2391 usum
944 2346 1082 2391 esse
1129 2347 1315 2392 nemo
1362 2329 1591 2412 neget?

560 2431 726 2510 Quin
776 2436 967 2499 etiam
1013 2436 1301 2518 augenda
1347 2441 1500 2499 sunt
1530 2435 1822 2522 exempla
1859 2441 2048 2520 atque
2079 2437 2184 2517 ita,
2232 2441 2303 2499 ut
2334 2434 2735 2499 Plutarchi

379 2562 635 2626 quoque
696 2544 1158 2626 expositionem
1218 2563 1300 2606 ex
1370 2544 1589 2607 eodem
1651 2543 1822 2607 fonte
1878 2562 2169 2607 manasse
2228 2541 2603 2622 affirmetur,
2670 2543 2737 2606 id

379 2649 547 2732 quod
594 2655 849 2734 propter
895 2651 959 2712 id
1006 2651 1220 2732 ipsum
1265 2650 1609 2713 verisimile
1655 2659 1768 2731 est,
1815 2651 1986 2733 quod
2026 2651 2357 2734 Appianus
2404 2670 2552 2714 eum
2599 2650 2734 2713 Sal-

377 2754 567 2819 lustio
624 2758 962 2837 consentit,
1032 2776 1224 2841 quem
1284 2755 1609 2820 Plutarchi
1678 2756 2076 2820 simillimum
2144 2775 2281 2819 esse
2348 2758 2474 2819 iam
2544 2776 2736 2842 supra

382 2863 963 2927 demonstravimus,
1058 2863 1335 2927 Proinde
1382 2864 1667 2928 conferas
1713 2865 1897 2927 haee:

474 3112 617 3179 App.
655 3112 832 3165 Num.
871 3112 939 3164 fr.
980 3112 1029 3164 5.
1239 3111 1360 3165 Sall.
1399 3111 1458 3163 B.
1498 3112 1547 3165 J.
1587 3129 1633 3163 c.
1677 3111 1793 3175 103,
1833 3111 1867 3160 4
2091 3109 2257 3162 Plut.
2298 3108 2454 3164 Sull.
2492 3126 2537 3163 c.
2576 3112 2627 3164 3.

452 3215 889 3284 Λῃστευθέντας
954 3212 1010 3269 δ’
1063 3213 1126 3270 ἐν
1252 3219 1409 3287 legati
1437 3218 1493 3269 in
1513 3218 1708 3269 itinere
1735 3233 1766 3269 a
1791 3217 1925 3269 Gae-
2061 3212 2430 3286 ΙΙρεσβευτὰς
2480 3234 2589 3285 γαρ
2637 3213 2724 3270 αὖ,

381 3300 496 3376 ὁδῷ
614 3302 746 3368 τοὺς
856 3302 1128 3375 πρέσβεις
1182 3309 1308 3360 tulis
1355 3306 1647 3360 latronibus
1698 3306 1926 3358 circum·
1986 3308 2090 3358 τοῦ
2137 3300 2443 3373 λῃστήριον
2490 3307 2728 3370 Νομαδι-

380 3390 580 3448 τούσδε
634 3389 665 3448 ὃ
713 3389 939 3458 Σύλλας
973 3388 1126 3449 ὑπε-
1184 3398 1329 3449 venti
1379 3396 1707 3464 spoliatique,
1755 3395 1928 3463 pavidi
1986 3390 2092 3447 κόν
2149 3390 2506 3463 ἐκφυγόντας
2568 3387 2724 3448 ὓπο-

385 3480 625 3548 δέξατο
675 3485 791 3536 καὶ
841 3484 1124 3549 ξενίζει,
1183 3486 1297 3539 sine
1355 3487 1547 3538 decore
1604 3486 1670 3537 ad
1730 3483 1928 3538 Sullani
1987 3477 2365 3549 δεξάμενος
2402 3484 2518 3536 καὶ
2544 3485 2731 3551 φιλο-

379 3568 543 3641 μέχρι
570 3567 801 3641 Μάριον
837 3568 949 3627 ἀπὸ
995 3574 1128 3625 Γαι-
1183 3575 1508 3643 perfugiunt.
1547 3574 1652 3627 Eos
1672 3572 1760 3626 ille
1789 3610 1802 3624 .
1832 3612 1843 3624 .
1873 3612 1885 3624 .
1914 3612 1926 3625 .
1986 3574 2370 3640 φρονηθεὶς
2409 3574 2588 3641 δῶρα
2635 3574 2730 3624 καὶ

378 3654 595 3713 τούλων
635 3656 991 3714 ἐπανελθεῖν.
1179 3664 1427 3716 adcurate
1502 3678 1563 3714 ae
1637 3661 1927 3716 liberaliter
1980 3655 2215 3727 πομπὴν
2270 3654 2500 3727 ἀσφαλΐ
2551 3677 2728 3729 παρα·

1177 3750 1374 3803 habuit.
1469 3750 1645 3814 Quare
1722 3750 1926 3804 barbari
1981 3743 2134 3817 σχὼν
2169 3743 2523 3802 ἀπέστειλεν.

1098 3908 1101 3911 ‚
1180 3879 1357 3893 .....
1394 3838 1594 3892 Sullam
1621 3839 1686 3892 ob
1721 3839 1923 3892 muni·

1176 3927 1528 3981 ficentiam
1565 3927 1623 3979 in
1648 3942 1767 3981 sese
1794 3927 1924 3980 ami-

1178 4032 1300 4069 cum
1339 4016 1439 4069 rati
1481 4058 1491 4068 .
1534 4055 1545 4069 .
1587 4058 1600 4072 .

560 4245 597 4310 ¹)
636 4260 684 4312 p.
726 4248 806 4299 14.
