3217 4900
1379 271 1822 333 -12—

433 449 748 513 πλείστους,
788 436 940 503 ὥστε
967 466 1183 505 ακοντα
1309 450 1650 516 postquam
1699 462 1845 500 sese
1883 463 1982 514 pa·
2112 442 2235 501 οὐκ
2277 439 2689 507 ἀνυπόπτως
2731 440 2793 497 ὲ-

432 536 532 593 τὸν
610 536 905 592 Μέτελλον
994 534 1182 609 ἐκβια-
1241 555 1379 591 rum
1425 538 1773 604 expurgat,
1831 552 1982 589 con·
2041 530 2214 589 αυτὸν
2245 532 2639 604 ἐγχειρίσαντα
2672 541 2797 597 τοῖς

433 627 1183 696 σθῆναικαὶκαταψηφί-
1239 628 1583 680 demnatus
1645 624 1984 677 verberatus·
2042 619 2793 689 πολεμίοις,ἐπαπέκτει-

436 720 697 771 σασθαι
729 711 1037 770 θάνατον
1065 720 1183 768 τοῦ
1240 731 1342 782 que
1436 714 1652 781 capite
1744 727 1987 781 poenas
2043 731 2113 766 νε
2151 715 2219 780 τῇ
2257 714 2451 780 βουλῇ.

435 797 830 876 ἀνθρώπου.
893 801 1044 858 Μετ’
1073 800 1182 857 ὀλί-
1240 802 1454 856 solvit.

436 913 540 967 yov
576 893 638 949 δὲ
676 897 776 963 τῆς
824 891 1008 957 αἰτίας
1050 907 1188 963 ψευ-

436 985 567 1047 δοῦς
623 983 900 1052 φανείσης
966 979 1022 1038 οἱ
1081 980 1191 1051 μὲν

437 1063 599 1127 ἄλλοι
638 1067 997 1141 συνήχθοντο
1030 1113 1039 1123 .
1066 1113 1076 1124 .
1103 1113 1113 1124 .
1139 1111 1150 1122 .
1170 1113 1185 1133 ,

444 1155 667 1230 Μάριος
704 1157 765 1215 δὲ
803 1163 921 1213 κτλ.

624 1430 881 1493 Sallusti
935 1436 996 1491 et
1043 1427 1367 1491 Plutarchi
1414 1428 1804 1490 narrationes
1852 1427 1910 1488 h.
1959 1426 1998 1489 1.
2046 1446 2173 1489 non
2224 1445 2360 1490 esse
2408 1427 2687 1491 diversas
2734 1432 2799 1489 et

445 1537 740 1600 Klebsius
789 1557 845 1618 p.
887 1535 969 1597 50
1018 1542 1080 1597 et
1107 1534 1406 1597 Vitellius
1450 1554 1507 1617 p.
1549 1534 1679 1596 358
1725 1539 1945 1597 contra
1983 1532 2192 1596 Peteri
2238 1535 2615 1596 sententiam
2660 1552 2797 1595 mo-

441 1663 654 1707 nuere.
749 1641 1014 1725 Culpam
1072 1643 1237 1704 enim
1286 1639 1549 1723 Turpilii
1609 1641 1779 1703 haud
1837 1643 1926 1702 ita
1979 1639 2358 1703 firmissimis
2406 1641 2798 1723 argumentis

446 1753 714 1821 evictam
766 1768 901 1811 esse
940 1749 1364 1829 intellegimus
1403 1767 1550 1810 cum
1589 1767 1671 1810 ex
1709 1747 1968 1810 Sallusti
2009 1753 2356 1830 ,postquam
2397 1767 2534 1810 sese
2571 1767 2795 1831 parum

444 1859 770 1942 expurgat‘
820 1863 881 1919 et
920 1858 1191 1939 Appiani
1235 1891 1312 1900 -—
1356 1874 1543 1937 quem
1585 1854 1840 1917 Sallusti
1883 1860 2363 1938 ceterorumque
2402 1856 2795 1917 simillimum

445 1984 581 2028 esse
641 1969 855 2047 postea
916 1961 1486 2025 demonstrabimus
1546 1997 1634 2006 ——
1704 1953 1850 2041 ,οίπ
1905 1953 2319 2039 ἀνυπόπτως*
2376 1967 2509 2025 tum
2570 1980 2652 2024 ex
2706 1980 2799 2040 ec,

448 2071 616 2154 quod
673 2070 1036 2145 Sallustius,
1098 2087 1292 2151 quare
1350 2069 1616 2151 permoti
1680 2067 2000 2150 Vagenses
2056 2066 2334 2151 Turpilio
2391 2069 2800 2151 pepercerint,

447 2180 511 2240 in
568 2180 808 2240 incerto
862 2177 1193 2259 relinquit:
1244 2195 1293 2237 c.
1336 2175 1479 2256 67,3
1531 2176 1612 2255 ‚id
1661 2176 2171 2237 misericordiane
2218 2176 2480 2258 hospitis
2526 2196 2605 2237 an
2655 2195 2798 2259 pac—

448 2288 618 2348 tione
665 2291 774 2347 aut
821 2304 972 2347 casu
1015 2284 1100 2347 ita
1139 2283 1436 2361 evenerit,
1482 2302 1709 2364 parum
1747 2283 2195 2365 comperimus:
2245 2284 2366 2345 nisi
2415 2285 2564 2366 quia
2601 2282 2695 2345 illi
2733 2285 2797 2345 in

449 2400 622 2456 tanto
670 2394 836 2455 malo
884 2391 1085 2473 turpis
1125 2391 1252 2452 vita
1292 2391 1535 2474 integra
1574 2389 1740 2453 fama
1779 2392 1983 2472 potior
2018 2389 2155 2472 fuit,
2199 2390 2504 2473 inprobus
2542 2391 2798 2453 intesta-

450 2501 722 2582 bilisque
769 2500 1051 2561 videtur.‘
1150 2496 1241 2558 Ea
1289 2515 1454 2577 vero,
1503 2507 1700 2580 ,quae'·
1753 2534 1829 2541 —
1887 2505 1955 2558 ut
2003 2496 2222 2561 Klebsi
2271 2498 2479 2561 verbis
2530 2503 2670 2561 utar
2716 2536 2798 2543 —-

454 2608 547 2686 ,ab
597 2605 1002 2689 optimatibus
1050 2608 1111 2665 in
1156 2602 1429 2665 Marium
1477 2604 1642 2666 dicta
1689 2611 1883 2685 erant,
1932 2606 2143 2668 omisit
2180 2604 2535 2667 Sallustius‘
2582 2606 2797 2667 eodem

456 2750 535 2759 -
587 2713 757 2796 quod
805 2714 927 2773 iam
977 2732 1165 2793 supra
1209 2713 1841 2774 commemoravimus
1882 2749 1963 2756 —-—
2007 2711 2192 2774 Marii
2231 2713 2437 2775 studio
2477 2713 2801 2774 adductus,

630 2854 692 2902 c.
753 2835 1004 2899 Tertio
1064 2836 1227 2898 loco
1288 2834 1537 2898 Livium
1602 2836 1811 2899 solum
1866 2858 1901 2899 a
1961 2837 2283 2900 Plutarchi
2340 2839 2621 2901 oratione
2676 2857 2804 2900 non

459 2963 595 3006 esse
643 2941 922 3006 alienum
971 2949 1041 3005 ut
1087 2962 1446 3025 cognoscaS,
1493 2944 1778 3006 conferas
1827 2944 2005 3006 haec:

548 3191 713 3244 Plut.
752 3191 903 3243 Mar.
943 3207 989 3243 c.
1032 3190 1098 3244 10
1376 3190 1544 3244 Plut.
1585 3190 1743 3246 Sull.
1783 3208 1827 3244 c.
1868 3193 1899 3245 3
2064 3191 2197 3244 Val.
2238 3191 2394 3244 Max.
2436 3192 2587 3256 VIII,
2631 3194 2713 3258 14,
2752 3194 2788 3244 4

532 3292 702 3360 αὐτός
812 3316 874 3351 τε
983 3292 1205 3360 Σύλλας
1331 3293 1555 3361 Σίλλας
1636 3295 1733 3361 εἰς
1805 3301 2008 3352 τοῦτο
2134 3299 2194 3351 L.
2235 3301 2415 3351 autem
2451 3298 2597 3351 Sulla
2636 3339 2647 3348 .
2689 3339 2700 3349 .
2797 3339 2807 3349 .

458 3388 801 3454 σφραγῖδα
823 3380 1205 3452 ποιησάμενος
1264 3388 1665 3455 φιλοτιμίας
1756 3390 2009 3455 προῆλ-
2063 3388 2358 3454 ,Iugurthae
2395 3386 2659 3440 aBoccho
2686 3404 2812 3455 rege

458 3469 656 3542 ἐφόρει
705 3470 925 3543 γλυφὴν
965 3467 1207 3542 ἔχουσαν
1263 3478 1343 3528 θε
1360 3495 1406 3537 ν,
1441 3464 1617 3529 ὥστε
1656 3472 2009 3545 γλυψάμε-
2065 3477 2129 3530 ad
2167 3476 2394 3529 Marium
2444 3476 2686 3543 perducti
2724 3481 2811 3527 to-

458 3558 919 3632 ἐγχειριζόμενον
955 3556 1069 3616 ὑπὸ
1105 3566 1205 3616 toi
1263 3581 1376 3625 νος
1417 3560 1487 3616 ἐν
1516 3565 1860 3636 δακτυλίῳ
1892 3584 2009 3634 φο-
2065 3567 2193 3617 tam
2230 3564 2355 3617 sibi
2393 3565 2648 3618 laudem
2686 3567 2810 3617 tam

463 3648 691 3720 Βόκχου
720 3647 1207 3721 τὸνἸουγούρθαν
1264 3659 1412 3721 ρεῖν
1439 3647 1680 3705 εἰκόνα
1710 3649 2011 3722 τῆςπρά-
2069 3655 2302 3723 cupide
2360 3655 2683 3719 adseruit,
2746 3656 2816 3705 ut
2880 3712 2883 3715 ς

459 3737 659 3812 ἐαυτῷ.
718 3741 830 3793 Καὶ
859 3736 1033 3807 ταύτῃ
1060 3736 1205 3808 χρεί-
1264 3745 1459 3805 ξεως,
1516 3744 1634 3795 καὶ
1681 3737 1892 3810 ταύτῃ
1938 3760 2013 3811 γε
2070 3743 2289 3810 anulo,
2389 3760 2510 3810 quo
2602 3743 2813 3809 signa-

457 3846 628 3894 μενος
667 3825 755 3881 ἀεὶ
797 3827 1049 3881 διετέλει.
1258 3828 1620 3899 χρώμενος
1658 3825 1765 3885 ἀεὶ
1797 3829 2014 3885 διετέ-
2071 3832 2243 3885 torio
2317 3831 2653 3897 utebatur,
2715 3831 2814 3882 in-

1262 3922 1480 3972 λεσεν.
1535 3909 1635 3973 Ἦν
1665 3917 1724 3972 δὲ
1754 3914 1787 3986 ἡ
1820 3917 2013 3988 γραφὴ
2071 3920 2597 3988 sculptamillam
2617 3919 2815 3972 tradi-

1266 4003 1488 4075 Βόκχος
1517 4006 1627 4074 μὲν
1650 4005 2012 4077 παραδιδούς,
2071 4009 2318 4062 tionem
2356 4009 2647 4063 haberet.

1258 4093 1483 4160 Σύλλας
1530 4095 1589 4149 δὲ
1638 4093 2014 4167 παραλαμβά-

1256 4204 1370 4237 νων
1408 4181 1507 4238 τὸν
1545 4181 1860 4255 Ἰογόρθαν.
