3217 4900
1299 295 1382 307 .-
1479 257 1737 330 17...-

440 783 500 840 Ὁ
556 785 626 842 δὲ
694 783 1016 859 Ἀτάρβας
1071 783 1099 839 ὁ
1160 784 1461 857 α’δελφος

345 874 553 931 αὐτοῦ
591 880 1015 946 καταφυγών
1060 874 1159 941 εἰς
1201 878 1460 948 Κίρταν

343 967 455 1019 καὶ
494 968 1002 1035 συγκλεισθεὶς
1040 962 1139 1028 εἰς
1177 968 1459 1035 πολιορ-

341 1054 495 1106 κίαν
543 1049 917 1118 ἐξαπέστειλε
965 1050 1324 1125 πρεσβευτὰς
1381 1051 1460 1118 εἰς

350 1136 549 1209 Ρώμην
586 1139 662 1209 μὴ
703 1145 977 1212 περιιδεῖν
1013 1140 1255 1213 βασιλέα
1291 1143 1460 1211 φίλον

339 1232 431 1284 καὶ
471 1226 775 1300 σύμμαχον
812 1227 1233 1287 κινδυνεύοντα.

438 1759 504 1819 Ἡ
552 1763 613 1818 δὲ
664 1760 983 1834 σύγκλητος
1040 1759 1266 1834 ἔπεμψε
1325 1763 1457 1835 πρέ-

349 1857 498 1924 σβεις
534 1849 693 1907 λύειν
729 1849 833 1922 τὴν
872 1854 1223 1923 πολιορκίαν.

447 3007 525 3065 Οὐ
565 3009 954 3082 προσέχοντος
990 3011 1050 3067 δὲ
1087 3009 1352 3083 Ἰογόρθα

442 3095 613 3155 πάλιν
642 3094 868 3170 ἑτέρους
895 3094 1162 3170 ἔπεμψαν
1188 3098 1224 3154 οἱ
1236 3106 1270 3167 ξ
1279 3102 1354 3155 ίω
1365 3122 1406 3169 μ
1418 3122 1454 3156 α

335 3190 577 3254 μεῖζον
618 3183 919 3257 ἔχοντας.

434 3360 671 3432 Ὁμοίως
691 3366 750 3420 δὲ
771 3371 869 3421 καὶ
898 3364 1162 3421 τούτων
1189 3364 1451 3439 ἀπράκ-

336 3472 467 3508 των
507 3452 1059 3518 ἐπανελθόντων,

435 3652 466 3688 ο
492 3628 851 3703 Ἰογόρθας
878 3632 1453 3705 περιταφρεύσας

1567 432 1765 487 milites
1802 432 2111 502 Jugurthini
2156 433 2305 503 signo
2351 434 2473 488 dato
2519 436 2694 489 castra

1567 521 1801 576 hostium
1839 522 2123 589 invadunt,
2181 523 2529 576 semisomnos
2566 540 2689 593 par-

1566 611 1691 677 tim,
1763 610 1892 664 alios
1965 624 2132 664 arma·
2183 612 2443 664 sumentis
2503 612 2693 681 fugant

1566 700 1932 767 funduntque3

1675 787 2003 841 Adherbal
2045 805 2167 842 cum
2205 789 2387 857 paucis
2425 788 2690 857 equitibus

1568 877 1812 933 Cirtam
1851 878 2164 945 profugit.

1676 981 1723 1019 c.
1759 964 1847 1032 21,
1886 967 1919 1019 3
1956 965 2118 1034 igitur
2151 967 2479 1034 Jugurtha
2514 967 2687 1035 oppi-

1567 1055 1715 1108 dum
1753 1054 2199 1108 circumsedit.

1676 1159 1719 1197 c.
1759 1142 1847 1210 21,
1886 1144 1917 1196 3
1956 1159 2205 1196 maxume
2251 1144 2515 1198 festinans
2550 1147 2687 1198 tem-

1567 1247 1674 1302 pus
1711 1230 2006 1301 legatorum
2033 1236 2367 1301 antecapere,
2407 1248 2539 1300 quos
2564 1235 2688 1287 ante

1570 1319 1832 1388 proelium
1855 1322 2060 1374 factum
2085 1320 2152 1374 ab
2173 1321 2473 1375 Adherbale
2497 1321 2687 1376 missos

1566 1408 1858 1463 audiverat.

1674 1514 1719 1551 c·
1767 1497 1857 1567 23,
1912 1498 1944 1550 2
1995 1497 2260 1552 Adherbal
2317 1515 2386 1552 ex
2437 1497 2540 1565 eis,
2597 1498 2686 1566 qui

1568 1603 1675 1639 una
1721 1586 1917 1640 Cirtam
1968 1588 2332 1656 profugerant,
2388 1588 2520 1640 duos
2573 1604 2685 1640 ma-

1565 1691 1730 1728 xume
1769 1675 2020 1743 impigros
2057 1675 2269 1745 delegit.

1675 1780 1719 1816 c.
1769 1764 1855 1831 21,
1904 1766 1938 1815 4
1983 1765 2088 1818 Sed
2143 1768 2422 1833 postquam
2469 1766 2687 1818 senatus

1565 1853 1634 1906 de
1673 1852 1808 1905 bello
1848 1868 2032 1905 eorum
2078 1854 2298 1921 accepit,
2346 1859 2458 1907 tres
2505 1853 2684 1907 adule-

1565 1944 1781 1996 scentes
1815 1942 1871 1995 in
1899 1942 2135 1996 Africam
2160 1942 2422 2011 legantur,
2462 1942 2552 2010 qui
2574 1957 2684 1994 am-

1566 2030 1661 2084 bos
1697 2045 1854 2100 reges
1890 2031 2099 2098 adeant,
2145 2033 2363 2085 senatus
2401 2030 2685 2099 populique

1565 2120 1792 2173 Romani
1847 2119 2026 2173 verbis
2086 2121 2360 2174 nuntient:
2435 2118 2574 2172 velle
2632 2121 2688 2172 et

1565 2224 1790 2263 censere
1829 2225 1919 2262 eos
1958 2209 2023 2261 ab
2070 2209 2230 2262 armis
2277 2209 2570 2275 discedere,
2617 2207 2684 2260 de

1566 2298 1944 2351 controversiis
1993 2298 2103 2351 suis
2149 2297 2266 2350 iure
2314 2297 2488 2366 potius
2527 2311 2685 2363 quam

1566 2386 1702 2440 bello
1749 2387 2073 2455 disceptare:
2137 2386 2215 2439 ita
2260 2401 2426 2454 seque
2473 2384 2684 2454 illisque

1562 2478 1783 2546 dignum
1846 2493 1980 2531 esse.
2081 2477 2266 2545 Legati
2326 2476 2383 2529 in
2447 2475 2684 2529 Africam

1564 2569 1895 2620 maturantes
1941 2566 2165 2619 veniunt
2204 2582 2267 2619 eo
2305 2565 2497 2635 magis,
2545 2566 2684 2633 quod

1564 2655 1789 2721 Romae,
1845 2655 1972 2708 dum
2028 2654 2297 2723 proficisci
2344 2657 2559 2722 parant,
2616 2653 2683 2707 de

1562 2742 1763 2811 proelio
1807 2744 1949 2797 facto
1988 2746 2044 2797 et
2080 2743 2467 2812 oppugnatione
2506 2740 2683 2797 Cirtae

1563 2831 1896 2886 audiebatur:
1959 2834 2053 2886 sed
2109 2833 2155 2886 is
2210 2847 2393 2885 rumor
2446 2831 2683 2886 clemens

1566 2924 1696 2974 erat.

1673 3029 1719 3065 c.
1758 3011 1845 3078 22,
1884 3011 2041 3064 2—5.

1673 3119 1720 3153 c.
1759 3101 1846 3167 25,
1884 3102 1919 3151 4
1957 3100 2203 3167 legantur
2239 3101 2418 3152 tamen
2454 3100 2510 3152 in
2534 3101 2681 3153 Atri-

1562 3207 1678 3243 cam
1719 3191 2000 3243 maiores
2046 3192 2204 3241 natu
2249 3187 2520 3255 nobileS,
2561 3206 2679 3242 am-

1563 3280 1692 3348 plis
1729 3277 2098 3331 honoribus
2136 3278 2253 3330 usi.

1669 3384 1713 3421 c.
1753 3368 1839 3434 25,
1891 3370 1951 3418 11
2006 3366 2175 3419 Multa
2218 3370 2397 3419 tamen
2445 3368 2679 3421 oratione

1561 3459 1877 3526 consumpta
1947 3456 2154 3524 legati
2227 3456 2482 3509 frustra
2553 3457 2678 3510 dis-

1561 3563 1845 3603 cessere.

1669 3653 1714 3691 c.
1740 3636 1827 3703 23,
1858 3638 1884 3688 1
1924 3635 2250 3704 Jugurtha
2287 3634 2459 3687 vallo
2484 3637 2678 3703 atque

335 3708 454 3791 τήν
518 3717 718 3776 πόλιν
783 3720 1017 3798 ἐνδείᾳ
1089 3720 1449 3793 κατεπόνησε
1558 3727 1741 3779 fossa
1775 3725 2031 3777 moenia
2065 3725 2442 3778 circumdat.
2507 3740 2551 3776 c.
2590 3725 2676 3791 23,

335 3808 465 3874 τοὺς
504 3808 568 3865 ἐν
603 3811 674 3880 τῇ
710 3807 892 3875 πόλει,

394 4065 399 4070 .
442 3985 559 4043 τὸν
625 3987 692 4042 δὲ
769 3985 1070 4057 ἀδελφὸν
1136 3986 1453 4055 ἐξελθόντα

334 4073 468 4142 μεθ’
508 4074 819 4148 ἱκετηρίας,
868 4080 965 4132 καὶ
1013 4083 1109 4148 τῆς
1149 4079 1256 4147 μὲν
1292 4083 1452 4150 βασι-

335 4166 487 4228 λείας
526 4162 916 4233 ἐξιστάμενον,
964 4164 1040 4222 τὸ
1079 4166 1148 4222 δὲ
1192 4171 1314 4238 ζῆν
1350 4166 1451 4226 αἰ·

653 4272 687 4330 2

1558 3814 1591 3867 2
1669 3814 1943 3883 penuria
2014 3829 2230 3867 rerum
2304 3813 2677 3866 necessari-

1560 3919 1747 3957 arum
1787 3902 1982 3957 bellum
2019 3903 2157 3956 trahi
2194 3918 2300 3955 non
2339 3917 2509 3972 posse.
