3217 4900
1453 243 1891 307 ..18-

499 412 871 486 τούμενον,
923 414 1360 486 ἀπέσφαξεν,
1410 413 1517 473 οὐκ
1558 414 1645 473 ἐν·
1861 433 1906 471 c.
1944 416 2032 485 26,
2073 418 2102 470 1
2141 417 2395 472 tantum
2441 416 2514 471 ab
2560 433 2632 471 eo
2670 416 2872 470 vitam

498 509 741 576 τραπεὶς
787 499 921 562 οὔτε
971 505 1314 576 συγγένειαν
1353 500 1484 562 οὔτε
1534 502 1639 561 τὸν
1751 506 2143 574 paciscatur.

501 598 600 663 τῆς
656 591 878 660 ἱκεσίας
933 590 1130 662 νόμον.
1219 588 1505 663 Ὁμοίως
1567 593 1639 650 δὲ
1857 593 2872 664 c.26,3Jugu.rthainprimisAdher-

502 685 620 737 καὶ
674 686 807 738 τῶν
853 681 1116 738 Ἰταλῶν
1160 680 1321 747 τοὺς
1368 701 1636 751 συμμα-
1748 683 1955 737 halem
1981 685 2349 738 excruciatum
2373 687 2590 751 necat,
2628 683 2871 737 deindo

499 767 850 841 χήσαντας
878 768 1206 846 τάδελφῷ
1233 769 1500 836 πάντας
1529 771 1630 827 αἰ-
1742 773 1915 827 omnis
1960 772 2193 841 puberes
2238 772 2499 827 Numidas
2545 776 2706 840 atque
2764 789 2871 826 ne-

502 857 884 929 κισάμενος
919 857 1346 917 ἀπέκτεινεν.
1739 861 2161 932 gotiatores*)
2197 860 2512 931 promiscue,
2539 861 2619 914 uti
2644 862 2870 930 quisque

1738 953 1976 1006 armatus
2022 949 2208 1005 obvius
2257 949 2453 1015 fuerat,
2501 948 2865 1004 interficit.

1844 1040 1892 1107 ⁴¹)
1953 1056 1999 1093 c.
2062 1039 2150 1105 26,
2217 1040 2243 1090 1
2309 1036 2566 1105 Italici,
2643 1055 2864 1106 quorum

1739 1129 1941 1183 virtute
1977 1131 2191 1183 moenia
2224 1127 2662 1182 defensabantur.

684 1396 900 1461 Primo
948 1398 1203 1481 quidem
1252 1397 1479 1463 obtutu
1519 1399 1748 1462 harum
1787 1401 2219 1463 narrationum
2258 1400 2517 1462 alteram
2560 1399 2633 1461 ab
2664 1398 2851 1460 altera

508 1505 841 1569 abhorrere
897 1503 1127 1589 aliquis
1183 1504 1547 1588 arbitretur,
1603 1525 1750 1569 cum
1809 1504 2129 1570 Diodorus
2186 1497 2514 1592 κρατῆσας
2559 1505 2636 1593 τῇ
2690 1497 2853 1590 μάχῃ

505 1612 819 1698 praebeat,
863 1612 1172 1696 proelium
1220 1618 1407 1694 neget
1452 1612 1773 1694 inceptum
1822 1611 2162 1677 Sallustius
2207 1631 2257 1675 c.
2307 1612 2411 1692 21,
2459 1613 2516 1673 2.
2608 1611 2729 1674 Sed
2777 1629 2860 1673 ex

507 1718 655 1784 Sall.
703 1718 775 1782 B.
824 1719 871 1784 Ι.
919 1738 969 1783 c.
1020 1719 1122 1801 21,
1172 1720 1209 1781 3
1258 1725 1319 1782 et
1365 1738 1415 1781 c.
1466 1719 1568 1799 22,
1622 1720 1652 1781 l
1704 1719 2107 1783 manifestum
2166 1726 2260 1783 est
2314 1720 2619 1803 impetum
2676 1717 2858 1781 illum

509 1832 891 1891 nocturnum
924 1847 962 1889 a
999 1824 1297 1890 Sallustio
1346 1844 1601 1908 quoque
1639 1826 1945 1909 proelium
1986 1828 2315 1890 nominari.
2396 1826 2590 1889 Porro
2631 1826 2864 1888 dixerit

511 1936 655 2018 quis
700 1934 868 2017 apud
915 1932 1262 1996 Diodorum
1314 1932 1693 1996 Adherbalis
1739 1934 1976 2017 legatos
2022 1940 2190 2017 post
2235 1933 2544 2017 proelium
2600 1932 2862 2010 factum,

511 2042 677 2125 apud
725 2039 1099 2105 Sallustium
1145 2059 1195 2104 c.
1245 2040 1348 2121 21,
1397 2041 1434 2101 3
1485 2045 1659 2103 ante
1703 2042 2015 2124 proelium
2062 2042 2468 2104 commissum
2516 2041 2607 2102 ire
2654 2040 2864 2102 iussos

512 2168 663 2212 esse.
756 2147 949 2211 Hunc
1011 2165 1266 2231 quoque
1321 2146 1694 2230 scrupulum
1752 2147 2086 2212 evellimus
2141 2147 2528 2231 paragrapho
2584 2147 2867 2209 secunda

513 2276 562 2319 c.
614 2256 697 2318 23
753 2257 820 2317 in
881 2273 1071 2316 usum
1126 2261 1374 2335 vocata,
1438 2253 1549 2317 ubi
1606 2255 1766 2318 duos
1833 2274 2025 2337 quam
2091 2256 2367 2317 maxime
2431 2254 2730 2335 impigros
2787 2252 2865 2315 ab

515 2361 870 2425 Adherbale
906 2359 1174 2424 Romam
1221 2364 1447 2425 missos
1493 2380 1631 2425 esse
1678 2363 1980 2445 scriptum
2022 2361 2326 2424 videmus.
2412 2359 2701 2423 Ceterum
2743 2361 2867 2422 hoc

515 2489 761 2555 semper
805 2468 1193 2533 monendum
1241 2474 1337 2532 est
1380 2469 1534 2533 haec
1578 2469 1930 2552 fragmenta
1976 2475 2271 2552 excerpta
2318 2488 2455 2532 esse
2502 2487 2536 2531 e
2567 2466 2866 2549 Diodoro,

517 2579 628 2660 qui
672 2579 807 2660 ipse
854 2575 1177 2639 Posidonii
1225 2578 1456 2640 scrinia
1502 2577 1949 2661 compilaverit.
2044 2577 2317 2640 Proinde
2363 2594 2444 2639 ne
2481 2577 2783 2639 miremur
2827 2595 2862 2637 a

515 2684 823 2764 librari01)
872 2684 1196 2747 brevitatis
1233 2704 1424 2748 causa
1454 2682 1716 2747 Diodori
1757 2686 2211 2769 expositionem
2247 2684 2402 2746 adeo
2440 2682 2855 2766 perturbatam

518 2810 672 2871 esse,
728 2795 801 2853 ut
844 2791 1187 2854 secundam
1234 2796 1428 2855 solam
1478 2791 1860 2855 Adherbalis
1905 2792 2280 2875 legationem
2330 2796 2860 2868 commemoraret,

516 2897 949 2961 Romanorum
995 2904 1330 2981 utramque
1377 2918 1412 2961 e
1462 2897 1738 2962 Diodoro
1786 2900 2184 2963 exscriberet.
2278 2899 2367 2962 At
2414 2899 2650 2961 dixerit
2696 2898 2865 2981 quis·
2963 2941 2968 2946 -

517 3006 686 3090 piam
743 3006 911 3088 apud
958 3003 1309 3069 Diodorum
1365 3008 1603 3089 priores
1651 3004 2085 3069 Romanorum
2141 3007 2381 3089 legatos
2426 3008 2655 3069 missos
2713 3023 2870 3086 esse,

522 3119 591 3176 ut
638 3110 874 3175 Cirtam
922 3113 1247 3175 obsidione
1292 3112 1706 3195 liberarent,2)
1756 3114 1969 3197 itaque
2016 3115 2369 3177 necessario
2403 3114 2593 3176 etiam
2631 3114 2874 3195 priores
2916 3184 2921 3188 ,

520 3218 897 3283 Adherbalis
943 3219 1182 3302 legatos
1220 3221 1547 3284 obsidione
1584 3222 1833 3304 incepta
1872 3221 2087 3283 Africa
2124 3221 2465 3285 decessisse
2503 3219 2873 3283 existiman-

521 3328 634 3390 dos
680 3346 832 3392 esse.
912 3324 1121 3402 Quid?
1183 3328 1414 3391 Nonne
1452 3331 1641 3391 etiam
1690 3328 1857 3412 apud
1890 3327 2259 3392 Sallustium
2308 3349 2358 3391 c.
2410 3329 2513 3409 22,
2563 3328 2596 3389 1
2631 3324 2876 3388 Romae

523 3435 600 3498 de
645 3433 884 3518 proelio
930 3434 1094 3498 facto
1141 3441 1203 3499 et
1249 3436 1719 3519 oppugnatione
1769 3433 1976 3498 Cirtae
2022 3434 2441 3500 audiebatur?
2533 3432 2710 3497 Nihil
2756 3434 2873 3516 igi-

521 3548 627 3605 tur
672 3540 866 3604 habes
912 3543 975 3604 in
1028 3543 1147 3605 hoc
1190 3543 1560 3626 fragmentO,
1610 3544 1779 3625 quod
1827 3562 1864 3604 a
1911 3541 2210 3605 Sallustio
2260 3542 2582 3624 discrepet.

705 3647 1112 3730 Pergamus
1162 3650 1249 3712 ad
1295 3649 1808 3731 fragmentum
1863 3651 1962 3711 35.

704 3895 744 3964 1)
783 3896 853 3949 cf.
893 3895 950 3950 O.
992 3897 1360 3965 Wachsmuth‚
1410 3897 1558 3951 Em.
1597 3897 1640 3953 i.
1678 3898 1724 3950 d.
1773 3897 1928 3954 stud.
1965 3898 2061 3951 der
2107 3898 2253 3951 alten
2308 3896 2494 3950 Geach.
2535 3912 2583 3964 p.
2624 3898 2689 3949 71
2730 3895 2876 3962 „und

523 4001 617 4054 gar
661 3984 746 4038 die
793 3985 1315 4056 Einzelausfiihrung
1360 3986 1499 4041 blieb
1546 3986 1796 4041 offenbar
1838 4003 1972 4056 ganz
2018 3987 2507 4055 untergeordneten
2553 3984 2874 4039 Scnreibern

524 4075 662 4127 ohne
701 4074 1071 4128 revidierende
1109 4075 1383 4130 Kontrolle
1421 4076 1788 4130 iiberlassen.“

706 4165 746 4236 ²)
783 4155 924 4218 λύειν
959 4155 1055 4233 τὴν
1093 4167 1423 4239 πολιορκίαν.
