<?xml version="1.0" encoding="UTF-8"?>
<!DOCTYPE html PUBLIC "-//W3C//DTD XHTML 1.0 Transitional//EN"
    "http://www.w3.org/TR/xhtml1/DTD/xhtml1-transitional.dtd">
<html xmlns="http://www.w3.org/1999/xhtml" xml:lang="en" lang="en">
 <head>
  <title>
</title>
<meta http-equiv="Content-Type" content="text/html;charset=utf-8" />
  <meta name='ocr-system' content='tesseract 3.04.00' />
  <meta name='ocr-capabilities' content='ocr_page ocr_carea ocr_par ocr_line ocrx_word'/>
</head>
<body>
  <div class='ocr_page' id='page_1' title='image "./quaestionumplut00kindgoog_0033.png"; bbox 0 0 3217 4900; ppageno 0'>
   <div class='ocr_carea' id='block_1_1' title="bbox 437 471 2793 1070">
    <p class='ocr_par' dir='ltr' id='par_1_1' title="bbox 437 471 2793 1070">
     <span class='ocr_line' id='line_1_1' title="bbox 438 471 2792 557; baseline 0.001 -23"><span class='ocrx_word' id='word_1_1' title='bbox 438 473 806 554; x_wconf 86' lang='lat' dir='ltr'>nominavit,</span> <span class='ocrx_word' id='word_1_2' title='bbox 836 473 1039 549; x_wconf 78' lang='lat' dir='ltr'>illum,</span> <span class='ocrx_word' id='word_1_3' title='bbox 1073 473 1305 557; x_wconf 85' lang='lat' dir='ltr'>quippe</span> <span class='ocrx_word' id='word_1_4' title='bbox 1332 474 1442 555; x_wconf 91' lang='lat' dir='ltr'>qui</span> <span class='ocrx_word' id='word_1_5' title='bbox 1467 491 1736 555; x_wconf 89' lang='lat' dir='ltr'>regnum</span> <span class='ocrx_word' id='word_1_6' title='bbox 1765 477 2099 556; x_wconf 74' lang='lat' dir='ltr'>appeteret,</span> <span class='ocrx_word' id='word_1_7' title='bbox 2122 473 2395 536; x_wconf 90' lang='lat' dir='ltr'>alterum</span> <span class='ocrx_word' id='word_1_8' title='bbox 2417 471 2792 556; x_wconf 87' lang='lat' dir='ltr'>Iugurtham</span> 
     </span>
     <span class='ocr_line' id='line_1_2' title="bbox 439 579 2790 662; baseline 0 -20"><span class='ocrx_word' id='word_1_9' title='bbox 439 580 869 662; x_wconf 80' lang='lat' dir='ltr'>appellaverit,</span> <span class='ocrx_word' id='word_1_10' title='bbox 927 581 1297 662; x_wconf 90' lang='lat' dir='ltr'>compilator</span> <span class='ocrx_word' id='word_1_11' title='bbox 1352 586 1565 643; x_wconf 85' lang='lat' dir='ltr'>autem</span> <span class='ocrx_word' id='word_1_12' title='bbox 1622 579 1725 642; x_wconf 88' lang='lat' dir='ltr'>vel</span> <span class='ocrx_word' id='word_1_13' title='bbox 1770 587 2099 662; x_wconf 84' lang='lat' dir='ltr'>excerptor</span> <span class='ocrx_word' id='word_1_14' title='bbox 2144 598 2256 642; x_wconf 89' lang='lat' dir='ltr'>seu</span> <span class='ocrx_word' id='word_1_15' title='bbox 2302 598 2416 662; x_wconf 91' lang='lat' dir='ltr'>per</span> <span class='ocrx_word' id='word_1_16' title='bbox 2459 579 2790 643; x_wconf 79' lang='lat' dir='ltr'><strong>stultitiam</strong></span> 
     </span>
     <span class='ocr_line' id='line_1_3' title="bbox 437 685 2789 770; baseline 0 -22"><span class='ocrx_word' id='word_1_17' title='bbox 437 704 548 749; x_wconf 91' lang='lat' dir='ltr'>seu</span> <span class='ocrx_word' id='word_1_18' title='bbox 594 704 709 769; x_wconf 91' lang='lat' dir='ltr'>per</span> <span class='ocrx_word' id='word_1_19' title='bbox 754 688 1214 769; x_wconf 72' lang='lat' dir='ltr'>neglegentiam</span> <span class='ocrx_word' id='word_1_20' title='bbox 1260 705 1489 749; x_wconf 93' lang='lat' dir='ltr'>nomen</span> <span class='ocrx_word' id='word_1_21' title='bbox 1539 688 1865 770; x_wconf 89' lang='lat' dir='ltr'>proprium</span> <span class='ocrx_word' id='word_1_22' title='bbox 1914 687 2208 749; x_wconf 86' lang='lat' dir='ltr'>omiserit.</span> <span class='ocrx_word' id='word_1_23' title='bbox 2302 685 2527 769; x_wconf 85' lang='lat' dir='ltr'>Neque</span> <span class='ocrx_word' id='word_1_24' title='bbox 2573 687 2650 748; x_wconf 87' lang='lat' dir='ltr'>ad</span> <span class='ocrx_word' id='word_1_25' title='bbox 2697 688 2789 748; x_wconf 87' lang='lat' dir='ltr'>vi-</span> 
     </span>
     <span class='ocr_line' id='line_1_4' title="bbox 438 792 2793 877; baseline 0 -22"><span class='ocrx_word' id='word_1_26' title='bbox 438 812 589 856; x_wconf 85' lang='lat' dir='ltr'>vum</span> <span class='ocrx_word' id='word_1_27' title='bbox 638 798 733 856; x_wconf 87' lang='lat' dir='ltr'>est</span> <span class='ocrx_word' id='word_1_28' title='bbox 778 794 1210 873; x_wconf 87' lang='lat' dir='ltr'>resecandum,</span> <span class='ocrx_word' id='word_1_29' title='bbox 1259 794 1426 877; x_wconf 91' lang='lat' dir='ltr'>quod</span> <span class='ocrx_word' id='word_1_30' title='bbox 1468 794 1803 876; x_wconf 90' lang='lat' dir='ltr'>Appianus</span> <span class='ocrx_word' id='word_1_31' title='bbox 1851 793 2002 856; x_wconf 91' lang='lat' dir='ltr'>dicit</span> <span class='ocrx_word' id='word_1_32' title='bbox 2048 792 2428 875; x_wconf 80' lang='lat' dir='ltr'>Iugurtham</span> <span class='ocrx_word' id='word_1_33' title='bbox 2473 813 2598 855; x_wconf 88' lang='lat' dir='ltr'>una</span> <span class='ocrx_word' id='word_1_34' title='bbox 2647 813 2793 856; x_wconf 93' lang='lat' dir='ltr'>cum</span> 
     </span>
     <span class='ocr_line' id='line_1_5' title="bbox 440 898 2792 983; baseline 0 -22"><span class='ocrx_word' id='word_1_35' title='bbox 440 898 789 963; x_wconf 84' lang='lat' dir='ltr'>Bomilcare</span> <span class='ocrx_word' id='word_1_36' title='bbox 840 900 1104 983; x_wconf 83' lang='lat' dir='ltr'>fugisse,</span> <span class='ocrx_word' id='word_1_37' title='bbox 1168 901 1468 983; x_wconf 93' lang='lat' dir='ltr'>quoniam</span> <span class='ocrx_word' id='word_1_38' title='bbox 1513 903 1706 963; x_wconf 88' lang='lat' dir='ltr'>etiam</span> <span class='ocrx_word' id='word_1_39' title='bbox 1754 901 1870 962; x_wconf 90' lang='lat' dir='ltr'>hoc</span> <span class='ocrx_word' id='word_1_40' title='bbox 1917 899 1996 962; x_wconf 89' lang='lat' dir='ltr'>ad</span> <span class='ocrx_word' id='word_1_41' title='bbox 2044 908 2476 983; x_wconf 82' lang='lat' dir='ltr'>excerptorem</span> <span class='ocrx_word' id='word_1_42' title='bbox 2521 900 2792 962; x_wconf 83' lang='lat' dir='ltr'>brevita-</span> 
     </span>
     <span class='ocr_line' id='line_1_6' title="bbox 439 1005 1913 1070; baseline 0.001 -2"><span class='ocrx_word' id='word_1_43' title='bbox 439 1008 517 1068; x_wconf 87' lang='lat' dir='ltr'>tis</span> <span class='ocrx_word' id='word_1_44' title='bbox 564 1007 923 1070; x_wconf 84' lang='lat' dir='ltr'>studiosum</span> <span class='ocrx_word' id='word_1_45' title='bbox 970 1005 1366 1070; x_wconf 84' lang='lat' dir='ltr'>referendum</span> <span class='ocrx_word' id='word_1_46' title='bbox 1417 1025 1553 1070; x_wconf 91' lang='lat' dir='ltr'>esse</span> <span class='ocrx_word' id='word_1_47' title='bbox 1601 1008 1913 1070; x_wconf 81' lang='lat' dir='ltr'>existimo.</span> 
     </span>
    </p>
   </div>
   <div class='ocr_carea' id='block_1_2' title="bbox 438 1111 2793 1303">
    <p class='ocr_par' dir='ltr' id='par_1_2' title="bbox 438 1111 2793 1303">
     <span class='ocr_line' id='line_1_7' title="bbox 616 1111 2793 1197; baseline 0 -22"><span class='ocrx_word' id='word_1_48' title='bbox 616 1111 862 1176; x_wconf 89' lang='lat' dir='ltr'>Deinde</span> <span class='ocrx_word' id='word_1_49' title='bbox 922 1114 1273 1177; x_wconf 89' lang='lat' dir='ltr'>secundum</span> <span class='ocrx_word' id='word_1_50' title='bbox 1322 1115 1597 1197; x_wconf 88' lang='lat' dir='ltr'>Appiani</span> <span class='ocrx_word' id='word_1_51' title='bbox 1644 1113 2073 1196; x_wconf 83' lang='lat' dir='ltr'>fragmentum</span> <span class='ocrx_word' id='word_1_52' title='bbox 2120 1115 2354 1196; x_wconf 90' lang='lat' dir='ltr'>optime</span> <span class='ocrx_word' id='word_1_53' title='bbox 2402 1115 2672 1197; x_wconf 83' lang='lat' dir='ltr'>quadrat</span> <span class='ocrx_word' id='word_1_54' title='bbox 2715 1116 2793 1177; x_wconf 94' lang='lat' dir='ltr'>ad</span> 
     </span>
     <span class='ocr_line' id='line_1_8' title="bbox 438 1219 1625 1303; baseline -0.003 -20"><span class='ocrx_word' id='word_1_55' title='bbox 438 1219 583 1283; x_wconf 86' lang='lat' dir='ltr'>Sall.</span> <span class='ocrx_word' id='word_1_56' title='bbox 619 1219 689 1282; x_wconf 93' lang='lat' dir='ltr'>B.</span> <span class='ocrx_word' id='word_1_57' title='bbox 727 1219 775 1282; x_wconf 93' lang='grc' dir='ltr'>Ι.</span> <span class='ocrx_word' id='word_1_58' title='bbox 815 1239 865 1283; x_wconf 91' lang='lat' dir='ltr'>c.</span> <span class='ocrx_word' id='word_1_59' title='bbox 904 1221 991 1282; x_wconf 88' lang='lat'>44</span> <span class='ocrx_word' id='word_1_60' title='bbox 1038 1228 1099 1283; x_wconf 90' lang='lat' dir='ltr'>et</span> <span class='ocrx_word' id='word_1_61' title='bbox 1147 1219 1408 1303; x_wconf 86' lang='lat' dir='ltr'>Eutrop.</span> <span class='ocrx_word' id='word_1_62' title='bbox 1460 1221 1625 1298; x_wconf 63' lang='lat'>427.</span> 
     </span>
    </p>
   </div>
   <div class='ocr_carea' id='block_1_3' title="bbox 507 1394 2269 1464">
    <p class='ocr_par' dir='ltr' id='par_1_3' title="bbox 507 1394 2269 1464">
     <span class='ocr_line' id='line_1_9' title="bbox 507 1394 2269 1464; baseline -0.001 -16"><span class='ocrx_word' id='word_1_63' title='bbox 507 1398 659 1464; x_wconf 88' lang='lat' dir='ltr'>App.</span> <span class='ocrx_word' id='word_1_64' title='bbox 1313 1396 1576 1463; x_wconf 83' lang='lat' dir='ltr'>Eutrop.</span> <span class='ocrx_word' id='word_1_65' title='bbox 2120 1394 2269 1448; x_wconf 85' lang='lat' dir='ltr'>Sall.</span> 
     </span>
    </p>
   </div>
   <div class='ocr_carea' id='block_1_4' title="bbox 435 1489 2796 2377">
    <p class='ocr_par' dir='ltr' id='par_1_4' title="bbox 435 1489 2796 2280">
     <span class='ocr_line' id='line_1_10' title="bbox 509 1489 2792 1570; baseline 0 -16"><span class='ocrx_word' id='word_1_66' title='bbox 509 1489 598 1554; x_wconf 75' lang='grc' dir='ltr'>ὅτι</span> <span class='ocrx_word' id='word_1_67' title='bbox 632 1500 924 1566; x_wconf 79' lang='grc' dir='ltr'><em>Μέτελλος</em></span> <span class='ocrx_word' id='word_1_68' title='bbox 959 1495 1187 1568; x_wconf 80' lang='grc' dir='ltr'><em>ἄνεζεύ-</em></span> <span class='ocrx_word' id='word_1_69' title='bbox 1313 1501 1488 1554; x_wconf 83' lang='lat' dir='ltr'>Tertio</span> <span class='ocrx_word' id='word_1_70' title='bbox 1525 1501 1721 1555; x_wconf 90' lang='lat' dir='ltr'>missus</span> <span class='ocrx_word' id='word_1_71' title='bbox 1759 1500 1819 1566; x_wconf 82' lang='lat' dir='ltr'>Q.</span> <span class='ocrx_word' id='word_1_72' title='bbox 1860 1499 1992 1555; x_wconf 86' lang='lat' dir='ltr'>Cae·</span> <span class='ocrx_word' id='word_1_73' title='bbox 2119 1501 2316 1556; x_wconf 81' lang='lat' dir='ltr'>Statuit</span> <span class='ocrx_word' id='word_1_74' title='bbox 2332 1501 2598 1569; x_wconf 79' lang='lat' dir='ltr'>Metellus,</span> <span class='ocrx_word' id='word_1_75' title='bbox 2610 1519 2792 1570; x_wconf 87' lang='lat' dir='ltr'>quam-</span> 
     </span>
     <span class='ocr_line' id='line_1_11' title="bbox 438 1586 2791 1661; baseline 0 -18"><span class='ocrx_word' id='word_1_76' title='bbox 438 1609 610 1659; x_wconf 82' lang='grc' dir='ltr'><em>γνυεν</em></span> <span class='ocrx_word' id='word_1_77' title='bbox 668 1588 749 1649; x_wconf 75' lang='grc' dir='ltr'>εἰς</span> <span class='ocrx_word' id='word_1_78' title='bbox 806 1586 1024 1661; x_wconf 83' lang='grc' dir='ltr'><em>Λιβύην</em></span> <span class='ocrx_word' id='word_1_79' title='bbox 1087 1587 1189 1657; x_wconf 83' lang='grc' dir='ltr'>τὴν</span> <span class='ocrx_word' id='word_1_80' title='bbox 1244 1589 1395 1645; x_wconf 81' lang='lat' dir='ltr'>cilius</span> <span class='ocrx_word' id='word_1_81' title='bbox 1467 1589 1718 1644; x_wconf 86' lang='lat' dir='ltr'>Metellus</span> <span class='ocrx_word' id='word_1_82' title='bbox 1791 1588 1991 1642; x_wconf 77' lang='lat' dir='ltr'>consul.</span> <span class='ocrx_word' id='word_1_83' title='bbox 2049 1594 2204 1659; x_wconf 75' lang='lat' dir='ltr'>quam</span> <span class='ocrx_word' id='word_1_84' title='bbox 2232 1595 2289 1645; x_wconf 89' lang='lat' dir='ltr'>et</span> <span class='ocrx_word' id='word_1_85' title='bbox 2306 1592 2629 1645; x_wconf 86' lang='lat' dir='ltr'>aestivorum</span> <span class='ocrx_word' id='word_1_86' title='bbox 2656 1592 2791 1643; x_wconf 88' lang='lat' dir='ltr'>tem-</span> 
     </span>
     <span class='ocr_line' id='line_1_12' title="bbox 435 1674 2796 1749; baseline 0 -18"><span class='ocrx_word' id='word_1_87' title='bbox 435 1675 548 1733; x_wconf 78' lang='grc' dir='ltr'>ὑπὸ</span> <span class='ocrx_word' id='word_1_88' title='bbox 616 1674 913 1746; x_wconf 80' lang='grc' dir='ltr'><strong><em>Ῥωμαίοις</em></strong></span> <span class='ocrx_word' id='word_1_89' title='bbox 1004 1676 1190 1733; x_wconf 80' lang='grc' dir='ltr'><strong><em>αἰτίαν</em></strong></span> <span class='ocrx_word' id='word_1_90' title='bbox 1243 1680 1298 1733; x_wconf 93' lang='lat' dir='ltr'>Is</span> <span class='ocrx_word' id='word_1_91' title='bbox 1338 1679 1636 1732; x_wconf 84' lang='lat' dir='ltr'>exercitum</span> <span class='ocrx_word' id='word_1_92' title='bbox 1674 1678 1881 1747; x_wconf 83' lang='lat' dir='ltr'>ingenti</span> <span class='ocrx_word' id='word_1_93' title='bbox 1907 1693 1991 1731; x_wconf 87' lang='lat' dir='ltr'>se·</span> <span class='ocrx_word' id='word_1_94' title='bbox 2049 1696 2146 1749; x_wconf 90' lang='lat' dir='ltr'>pus</span> <span class='ocrx_word' id='word_1_95' title='bbox 2221 1681 2554 1734; x_wconf 85' lang='lat' dir='ltr'>comitiorum</span> <span class='ocrx_word' id='word_1_96' title='bbox 2646 1697 2796 1733; x_wconf 89' lang='lat' dir='ltr'>mora</span> 
     </span>
     <span class='ocr_line' id='line_1_13' title="bbox 439 1763 2792 1840; baseline 0 -19"><span class='ocrx_word' id='word_1_97' title='bbox 439 1763 585 1837; x_wconf 75' lang='grc' dir='ltr'><em>ἔχων</em></span> <span class='ocrx_word' id='word_1_98' title='bbox 631 1766 787 1837; x_wconf 83' lang='grc' dir='ltr'><strong><em>παρὰ</em></strong></span> <span class='ocrx_word' id='word_1_99' title='bbox 836 1773 914 1840; x_wconf 78' lang='grc' dir='ltr'>τῷ</span> <span class='ocrx_word' id='word_1_100' title='bbox 961 1772 1187 1840; x_wconf 78' lang='grc' dir='ltr'><strong><em>στρατῷ</em></strong></span> <span class='ocrx_word' id='word_1_101' title='bbox 1244 1769 1471 1822; x_wconf 82' lang='lat' dir='ltr'>veritate</span> <span class='ocrx_word' id='word_1_102' title='bbox 1526 1769 1582 1820; x_wconf 91' lang='lat' dir='ltr'>et</span> <span class='ocrx_word' id='word_1_103' title='bbox 1630 1767 1993 1821; x_wconf 89' lang='lat' dir='ltr'>moderatione</span> <span class='ocrx_word' id='word_1_104' title='bbox 2047 1769 2390 1823; x_wconf 89' lang='lat' dir='ltr'>imminuerat</span> <span class='ocrx_word' id='word_1_105' title='bbox 2425 1771 2480 1822; x_wconf 89' lang='lat' dir='ltr'>et</span> <span class='ocrx_word' id='word_1_106' title='bbox 2525 1785 2792 1837; x_wconf 89' lang='lat' dir='ltr'>exspec-</span> 
     </span>
     <span class='ocr_line' id='line_1_14' title="bbox 435 1853 2792 1927; baseline -0.001 -16"><span class='ocrx_word' id='word_1_107' title='bbox 435 1853 871 1927; x_wconf 81' lang='grc' dir='ltr'><strong><em>βραδύτητος</em></strong></span> <span class='ocrx_word' id='word_1_108' title='bbox 936 1856 994 1921; x_wconf 82' lang='grc' dir='ltr'>ἐς</span> <span class='ocrx_word' id='word_1_109' title='bbox 1055 1853 1189 1921; x_wconf 82' lang='grc' dir='ltr'><strong><em>τοὺς</em></strong></span> <span class='ocrx_word' id='word_1_110' title='bbox 1243 1859 1558 1923; x_wconf 72' lang='lat' dir='ltr'>correctum,</span> <span class='ocrx_word' id='word_1_111' title='bbox 1607 1873 1731 1909; x_wconf 92' lang='lat' dir='ltr'>cum</span> <span class='ocrx_word' id='word_1_112' title='bbox 1767 1855 1900 1908; x_wconf 87' lang='lat' dir='ltr'>nihil</span> <span class='ocrx_word' id='word_1_113' title='bbox 1936 1856 1993 1908; x_wconf 93' lang='lat' dir='ltr'>in</span> <span class='ocrx_word' id='word_1_114' title='bbox 2047 1859 2301 1912; x_wconf 86' lang='lat' dir='ltr'>tatione</span> <span class='ocrx_word' id='word_1_115' title='bbox 2330 1859 2610 1912; x_wconf 83' lang='lat' dir='ltr'>eventus</span> <span class='ocrx_word' id='word_1_116' title='bbox 2636 1858 2792 1911; x_wconf 87' lang='lat' dir='ltr'>civi-</span> 
     </span>
     <span class='ocr_line' id='line_1_15' title="bbox 438 1943 2793 2014; baseline -0 -15"><span class='ocrx_word' id='word_1_117' title='bbox 438 1947 746 2013; x_wconf 81' lang='grc' dir='ltr'><strong><em>πολεμίους</em></strong></span> <span class='ocrx_word' id='word_1_118' title='bbox 783 1949 880 2000; x_wconf 79' lang='grc' dir='ltr'>καὶ</span> <span class='ocrx_word' id='word_1_119' title='bbox 930 1943 1023 2000; x_wconf 84' lang='grc' dir='ltr'>ἐπὶ</span> <span class='ocrx_word' id='word_1_120' title='bbox 1061 1947 1187 2014; x_wconf 85' lang='grc' dir='ltr'><strong><em>σφί-</em></strong></span> <span class='ocrx_word' id='word_1_121' title='bbox 1243 1962 1561 2014; x_wconf 86' lang='lat' dir='ltr'>quemquam</span> <span class='ocrx_word' id='word_1_122' title='bbox 1600 1947 1885 1998; x_wconf 86' lang='lat' dir='ltr'>cruentum</span> <span class='ocrx_word' id='word_1_123' title='bbox 1909 1945 1989 1997; x_wconf 82' lang='lat' dir='ltr'>fa·</span> <span class='ocrx_word' id='word_1_124' title='bbox 2047 1965 2146 2000; x_wconf 92' lang='lat' dir='ltr'>um</span> <span class='ocrx_word' id='word_1_125' title='bbox 2202 1948 2448 2000; x_wconf 84' lang='lat' dir='ltr'>animos</span> <span class='ocrx_word' id='word_1_126' title='bbox 2497 1947 2793 2000; x_wconf 85' lang='lat' dir='ltr'>intentos</span> 
     </span>
     <span class='ocr_line' id='line_1_16' title="bbox 439 2030 2792 2105; baseline -0 -17"><span class='ocrx_word' id='word_1_127' title='bbox 439 2052 529 2089; x_wconf 84' lang='grc' dir='ltr'>σιν</span> <span class='ocrx_word' id='word_1_128' title='bbox 583 2030 903 2102; x_wconf 74' lang='grc' dir='ltr'><em>ὠμότητος·</em></span> <span class='ocrx_word' id='word_1_129' title='bbox 964 2030 1188 2105; x_wconf 80' lang='grc' dir='ltr'><strong><em>σφόδρα</em></strong></span> <span class='ocrx_word' id='word_1_130' title='bbox 1243 2038 1408 2101; x_wconf 84' lang='lat' dir='ltr'>ceret‚</span> <span class='ocrx_word' id='word_1_131' title='bbox 1435 2036 1500 2087; x_wconf 86' lang='lat' dir='ltr'>ad</span> <span class='ocrx_word' id='word_1_132' title='bbox 1526 2034 1857 2103; x_wconf 90' lang='lat' dir='ltr'>disciplinam</span> <span class='ocrx_word' id='word_1_133' title='bbox 1885 2035 1988 2087; x_wconf 82' lang='lat' dir='ltr'>Ro·</span> <span class='ocrx_word' id='word_1_134' title='bbox 2046 2036 2340 2104; x_wconf 83' lang='lat' dir='ltr'>putabat,</span> <span class='ocrx_word' id='word_1_135' title='bbox 2378 2052 2484 2088; x_wconf 91' lang='lat' dir='ltr'>non</span> <span class='ocrx_word' id='word_1_136' title='bbox 2509 2036 2655 2104; x_wconf 88' lang='lat' dir='ltr'>prius</span> <span class='ocrx_word' id='word_1_137' title='bbox 2681 2035 2792 2089; x_wconf 92' lang='lat' dir='ltr'>bel-</span> 
     </span>
     <span class='ocr_line' id='line_1_17' title="bbox 438 2117 2792 2194; baseline -0 -17"><span class='ocrx_word' id='word_1_138' title='bbox 438 2119 548 2194; x_wconf 80' lang='grc' dir='ltr'>γὰρ</span> <span class='ocrx_word' id='word_1_139' title='bbox 586 2120 717 2186; x_wconf 84' lang='grc' dir='ltr'>τοὺς</span> <span class='ocrx_word' id='word_1_140' title='bbox 759 2117 1190 2194; x_wconf 78' lang='grc' dir='ltr'><strong><em>ἁμαρτάνοντας</em></strong></span> <span class='ocrx_word' id='word_1_141' title='bbox 1243 2142 1450 2178; x_wconf 71' lang='lat' dir='ltr'>manain</span> <span class='ocrx_word' id='word_1_142' title='bbox 1492 2123 1720 2177; x_wconf 77' lang='lat' dir='ltr'>reduxit.</span> <span class='ocrx_word' id='word_1_143' title='bbox 2045 2124 2156 2177; x_wconf 89' lang='lat' dir='ltr'>lum</span> <span class='ocrx_word' id='word_1_144' title='bbox 2246 2125 2533 2193; x_wconf 81' lang='lat' dir='ltr'>attingere,</span> <span class='ocrx_word' id='word_1_145' title='bbox 2637 2141 2792 2192; x_wconf 88' lang='lat' dir='ltr'>quam</span> 
     </span>
     <span class='ocr_line' id='line_1_18' title="bbox 440 2209 2792 2280; baseline -0.001 -15"><span class='ocrx_word' id='word_1_146' title='bbox 440 2209 730 2279; x_wconf 82' lang='grc' dir='ltr'><strong><em>ἐκόλαζεν.</em></strong></span> <span class='ocrx_word' id='word_1_147' title='bbox 2045 2214 2304 2266; x_wconf 86' lang='lat' dir='ltr'>maiorum</span> <span class='ocrx_word' id='word_1_148' title='bbox 2342 2211 2620 2280; x_wconf 85' lang='lat' dir='ltr'>disciplina</span> <span class='ocrx_word' id='word_1_149' title='bbox 2654 2212 2792 2264; x_wconf 90' lang='lat' dir='ltr'>mili-</span> 
     </span>
    </p>

    <p class='ocr_par' dir='ltr' id='par_1_5' title="bbox 1940 2300 2719 2377">
     <span class='ocr_line' id='line_1_19' title="bbox 1940 2300 2719 2377; baseline -0.003 -23"><span class='ocrx_word' id='word_1_150' title='bbox 1940 2370 1946 2377; x_wconf 32' lang='lat'><strong>·</strong></span> <span class='ocrx_word' id='word_1_151' title='bbox 2047 2305 2129 2355; x_wconf 92' lang='lat' dir='ltr'>tes</span> <span class='ocrx_word' id='word_1_152' title='bbox 2166 2301 2406 2355; x_wconf 87' lang='lat' dir='ltr'>laborare</span> <span class='ocrx_word' id='word_1_153' title='bbox 2444 2300 2719 2369; x_wconf 81' lang='lat' dir='ltr'>coegisset.</span> 
     </span>
    </p>
   </div>
   <div class='ocr_carea' id='block_1_5' title="bbox 451 2464 2793 2656">
    <p class='ocr_par' dir='ltr' id='par_1_6' title="bbox 451 2464 2793 2656">
     <span class='ocr_line' id='line_1_20' title="bbox 617 2464 2793 2550; baseline -0.001 -22"><span class='ocrx_word' id='word_1_154' title='bbox 617 2464 943 2529; x_wconf 88' lang='lat' dir='ltr'>Postremo</span> <span class='ocrx_word' id='word_1_155' title='bbox 991 2468 1264 2550; x_wconf 85' lang='lat' dir='ltr'>Appiani</span> <span class='ocrx_word' id='word_1_156' title='bbox 1322 2468 1493 2529; x_wconf 88' lang='lat' dir='ltr'>tertii</span> <span class='ocrx_word' id='word_1_157' title='bbox 1551 2467 1887 2549; x_wconf 86' lang='lat' dir='ltr'>fragmenti</span> <span class='ocrx_word' id='word_1_158' title='bbox 1944 2468 2215 2550; x_wconf 90' lang='lat' dir='ltr'>priorem</span> <span class='ocrx_word' id='word_1_159' title='bbox 2274 2478 2511 2549; x_wconf 88' lang='lat' dir='ltr'>partem</span> <span class='ocrx_word' id='word_1_160' title='bbox 2564 2467 2688 2526; x_wconf 91' lang='lat' dir='ltr'>iam</span> <span class='ocrx_word' id='word_1_161' title='bbox 2735 2485 2793 2546; x_wconf 88' lang='lat' dir='ltr'>p.</span> 
     </span>
     <span class='ocr_line' id='line_1_21' title="bbox 451 2572 2791 2656; baseline -0 -23"><span class='ocrx_word' id='word_1_162' title='bbox 451 2574 521 2634; x_wconf 79' lang='lat'>11</span> <span class='ocrx_word' id='word_1_163' title='bbox 573 2592 664 2656; x_wconf 91' lang='lat' dir='ltr'>sq.</span> <span class='ocrx_word' id='word_1_164' title='bbox 712 2593 855 2636; x_wconf 92' lang='lat' dir='ltr'>cum</span> <span class='ocrx_word' id='word_1_165' title='bbox 899 2573 1235 2637; x_wconf 88' lang='lat' dir='ltr'>Plutarcho</span> <span class='ocrx_word' id='word_1_166' title='bbox 1283 2579 1344 2636; x_wconf 87' lang='lat' dir='ltr'>et</span> <span class='ocrx_word' id='word_1_167' title='bbox 1382 2573 1682 2637; x_wconf 89' lang='lat' dir='ltr'>Sallustio</span> <span class='ocrx_word' id='word_1_168' title='bbox 1722 2576 1903 2635; x_wconf 87' lang='lat' dir='ltr'>iuxta</span> <span class='ocrx_word' id='word_1_169' title='bbox 1941 2574 2442 2656; x_wconf 83' lang='lat' dir='ltr'>composuimus;</span> <span class='ocrx_word' id='word_1_170' title='bbox 2494 2572 2791 2654; x_wconf 88' lang='lat' dir='ltr'>posterio-</span> 
     </span>
    </p>
   </div>
   <div class='ocr_carea' id='block_1_6' title="bbox 440 2677 2793 2869">
    <p class='ocr_par' dir='ltr' id='par_1_7' title="bbox 440 2677 2793 2869">
     <span class='ocr_line' id='line_1_22' title="bbox 440 2677 2793 2762; baseline 0 -21"><span class='ocrx_word' id='word_1_171' title='bbox 440 2699 571 2742; x_wconf 92' lang='lat' dir='ltr'>rem</span> <span class='ocrx_word' id='word_1_172' title='bbox 631 2690 870 2762; x_wconf 89' lang='lat' dir='ltr'>partem</span> <span class='ocrx_word' id='word_1_173' title='bbox 928 2701 965 2742; x_wconf 90' lang='lat' dir='ltr'>a</span> <span class='ocrx_word' id='word_1_174' title='bbox 1011 2680 1408 2744; x_wconf 88' lang='lat' dir='ltr'>Sallustianis</span> <span class='ocrx_word' id='word_1_175' title='bbox 1474 2679 1678 2743; x_wconf 85' lang='lat' dir='ltr'>verbis</span> <span class='ocrx_word' id='word_1_176' title='bbox 1733 2701 1862 2743; x_wconf 90' lang='lat' dir='ltr'>non</span> <span class='ocrx_word' id='word_1_177' title='bbox 1910 2680 2248 2743; x_wconf 85' lang='lat' dir='ltr'>abhorrere</span> <span class='ocrx_word' id='word_1_178' title='bbox 2296 2680 2595 2743; x_wconf 88' lang='lat' dir='ltr'>docemur</span> <span class='ocrx_word' id='word_1_179' title='bbox 2642 2677 2793 2741; x_wconf 89' lang='lat' dir='ltr'>Sall.</span> 
     </span>
     <span class='ocr_line' id='line_1_23' title="bbox 447 2786 1231 2869; baseline 0 -20"><span class='ocrx_word' id='word_1_180' title='bbox 447 2786 518 2849; x_wconf 91' lang='lat' dir='ltr'>B.</span> <span class='ocrx_word' id='word_1_181' title='bbox 566 2786 615 2850; x_wconf 90' lang='grc' dir='ltr'>Ι.</span> <span class='ocrx_word' id='word_1_182' title='bbox 663 2806 714 2849; x_wconf 93' lang='lat' dir='ltr'>c.</span> <span class='ocrx_word' id='word_1_183' title='bbox 765 2787 909 2868; x_wconf 85' lang='lat'>38,6</span> <span class='ocrx_word' id='word_1_184' title='bbox 959 2795 1020 2850; x_wconf 90' lang='lat' dir='ltr'>et</span> <span class='ocrx_word' id='word_1_185' title='bbox 1069 2787 1231 2869; x_wconf 81' lang='lat'>62,6.</span> 
     </span>
    </p>
   </div>
   <div class='ocr_carea' id='block_1_7' title="bbox 782 2961 2400 3030">
    <p class='ocr_par' dir='ltr' id='par_1_8' title="bbox 782 2961 2400 3030">
     <span class='ocr_line' id='line_1_24' title="bbox 782 2961 2400 3030; baseline -0.001 -15"><span class='ocrx_word' id='word_1_186' title='bbox 782 2964 932 3030; x_wconf 86' lang='lat' dir='ltr'>App.</span> <span class='ocrx_word' id='word_1_187' title='bbox 972 2962 1150 3016; x_wconf 90' lang='lat' dir='ltr'>Num.</span> <span class='ocrx_word' id='word_1_188' title='bbox 1192 2964 1223 3016; x_wconf 87' lang='lat'>3</span> <span class='ocrx_word' id='word_1_189' title='bbox 2064 2961 2212 3016; x_wconf 87' lang='lat' dir='ltr'>Sall.</span> <span class='ocrx_word' id='word_1_190' title='bbox 2252 2962 2313 3015; x_wconf 90' lang='lat' dir='ltr'>B.</span> <span class='ocrx_word' id='word_1_191' title='bbox 2352 2963 2400 3015; x_wconf 85' lang='lat' dir='ltr'>J.</span> 
     </span>
    </p>
   </div>
   <div class='ocr_carea' id='block_1_8' title="bbox 444 3065 2796 3495">
    <p class='ocr_par' dir='ltr' id='par_1_9' title="bbox 444 3065 2796 3495">
     <span class='ocr_line' id='line_1_25' title="bbox 549 3065 2792 3143; baseline -0.001 -19"><span class='ocrx_word' id='word_1_192' title='bbox 549 3072 822 3143; x_wconf 79' lang='grc' dir='ltr'><strong><em>Θρᾷκας</em></strong></span> <span class='ocrx_word' id='word_1_193' title='bbox 852 3066 913 3122; x_wconf 81' lang='grc' dir='ltr'>δὲ</span> <span class='ocrx_word' id='word_1_194' title='bbox 942 3071 1039 3121; x_wconf 82' lang='grc' dir='ltr'>καὶ</span> <span class='ocrx_word' id='word_1_195' title='bbox 1072 3071 1329 3140; x_wconf 84' lang='grc' dir='ltr'><strong><em>Λίγυας</em></strong></span> <span class='ocrx_word' id='word_1_196' title='bbox 1366 3065 1563 3123; x_wconf 80' lang='grc' dir='ltr'><strong><em>αὕτο-</em></strong></span> <span class='ocrx_word' id='word_1_197' title='bbox 1746 3083 1790 3121; x_wconf 91' lang='lat' dir='ltr'>c.</span> <span class='ocrx_word' id='word_1_198' title='bbox 1819 3069 1905 3135; x_wconf 84' lang='lat'>38,</span> <span class='ocrx_word' id='word_1_199' title='bbox 1933 3070 1966 3122; x_wconf 90' lang='grc'>6</span> <span class='ocrx_word' id='word_1_200' title='bbox 1987 3069 2174 3122; x_wconf 90' lang='lat' dir='ltr'>cohors</span> <span class='ocrx_word' id='word_1_201' title='bbox 2200 3085 2308 3121; x_wconf 89' lang='lat' dir='ltr'>una</span> <span class='ocrx_word' id='word_1_202' title='bbox 2332 3070 2646 3136; x_wconf 87' lang='lat' dir='ltr'>Ligurum</span> <span class='ocrx_word' id='word_1_203' title='bbox 2672 3085 2792 3122; x_wconf 88' lang='lat' dir='ltr'>cum</span> 
     </span>
     <span class='ocr_line' id='line_1_26' title="bbox 444 3153 2795 3229; baseline -0 -17"><span class='ocrx_word' id='word_1_204' title='bbox 444 3153 705 3224; x_wconf 85' lang='grc' dir='ltr'><strong><em>μόλους</em></strong></span> <span class='ocrx_word' id='word_1_205' title='bbox 743 3153 972 3227; x_wconf 79' lang='grc' dir='ltr'><strong><em>λαβὼν</em></strong></span> <span class='ocrx_word' id='word_1_206' title='bbox 1011 3156 1192 3228; x_wconf 83' lang='grc' dir='ltr'><strong><em>παρὰ</em></strong></span> <span class='ocrx_word' id='word_1_207' title='bbox 1221 3155 1562 3229; x_wconf 72' lang='grc' dir='ltr'><strong><em>Ἰογόρθα,</em></strong></span> <span class='ocrx_word' id='word_1_208' title='bbox 1672 3157 1876 3210; x_wconf 83' lang='lat' dir='ltr'>duabus</span> <span class='ocrx_word' id='word_1_209' title='bbox 1915 3159 2103 3211; x_wconf 81' lang='lat' dir='ltr'>turmis</span> <span class='ocrx_word' id='word_1_210' title='bbox 2150 3159 2463 3212; x_wconf 84' lang='lat' dir='ltr'>Thracum</span> <span class='ocrx_word' id='word_1_211' title='bbox 2513 3161 2568 3211; x_wconf 90' lang='lat' dir='ltr'>et</span> <span class='ocrx_word' id='word_1_212' title='bbox 2615 3160 2795 3226; x_wconf 85' lang='lat' dir='ltr'>paucis</span> 
     </span>
     <span class='ocr_line' id='line_1_27' title="bbox 447 3243 2796 3316; baseline 0 -16"><span class='ocrx_word' id='word_1_213' title='bbox 447 3247 577 3316; x_wconf 83' lang='grc' dir='ltr'><strong><em>[τῶν</em></strong></span> <span class='ocrx_word' id='word_1_214' title='bbox 603 3246 711 3314; x_wconf 81' lang='grc' dir='ltr'>μὲν</span> <span class='ocrx_word' id='word_1_215' title='bbox 736 3265 837 3309; x_wconf 83' lang='grc' dir='ltr'>τας</span> <span class='ocrx_word' id='word_1_216' title='bbox 870 3254 1067 3315; x_wconf 78' lang='grc' dir='ltr'><strong><em>χεῖρας</em></strong></span> <span class='ocrx_word' id='word_1_217' title='bbox 1092 3245 1397 3314; x_wconf 78' lang='grc' dir='ltr'><strong><em>ἅπέτεμνε,</em></strong></span> <span class='ocrx_word' id='word_1_218' title='bbox 1433 3243 1566 3310; x_wconf 84' lang='grc' dir='ltr'><strong><em>τοὺς</em></strong></span> <span class='ocrx_word' id='word_1_219' title='bbox 1673 3247 1928 3315; x_wconf 83' lang='lat' dir='ltr'>gregariis</span> <span class='ocrx_word' id='word_1_220' title='bbox 2001 3247 2254 3299; x_wconf 87' lang='lat' dir='ltr'>militibus</span> <span class='ocrx_word' id='word_1_221' title='bbox 2330 3247 2667 3300; x_wconf 85' lang='lat' dir='ltr'>transiere</span> <span class='ocrx_word' id='word_1_222' title='bbox 2731 3249 2796 3300; x_wconf 86' lang='lat' dir='ltr'>ad</span> 
     </span>
     <span class='ocr_line' id='line_1_28' title="bbox 448 3332 2792 3407; baseline 0.001 -20"><span class='ocrx_word' id='word_1_223' title='bbox 448 3334 505 3389; x_wconf 77' lang='grc' dir='ltr'>δὲ</span> <span class='ocrx_word' id='word_1_224' title='bbox 555 3333 613 3399; x_wconf 80' lang='grc' dir='ltr'>ἐς</span> <span class='ocrx_word' id='word_1_225' title='bbox 660 3332 763 3403; x_wconf 84' lang='grc' dir='ltr'>τὴν</span> <span class='ocrx_word' id='word_1_226' title='bbox 810 3338 918 3405; x_wconf 82' lang='grc' dir='ltr'>γῆν</span> <span class='ocrx_word' id='word_1_227' title='bbox 965 3333 1130 3404; x_wconf 84' lang='grc' dir='ltr'><strong><em>μέχρι</em></strong></span> <span class='ocrx_word' id='word_1_228' title='bbox 1179 3334 1428 3407; x_wconf 83' lang='grc' dir='ltr'><strong><em>γαστρὸς</em></strong></span> <span class='ocrx_word' id='word_1_229' title='bbox 1466 3357 1562 3390; x_wconf 85' lang='grc' dir='ltr'>κα-</span> <span class='ocrx_word' id='word_1_230' title='bbox 1675 3351 1873 3403; x_wconf 86' lang='lat' dir='ltr'>regem.</span> <span class='ocrx_word' id='word_1_231' title='bbox 1952 3351 1994 3386; x_wconf 88' lang='lat' dir='ltr'>c.</span> <span class='ocrx_word' id='word_1_232' title='bbox 2044 3335 2129 3400; x_wconf 81' lang='grc'>62,</span> <span class='ocrx_word' id='word_1_233' title='bbox 2179 3336 2212 3388; x_wconf 90' lang='grc'>6</span> <span class='ocrx_word' id='word_1_234' title='bbox 2260 3336 2406 3389; x_wconf 86' lang='lat' dir='ltr'>iubet</span> <span class='ocrx_word' id='word_1_235' title='bbox 2453 3338 2624 3389; x_wconf 89' lang='lat' dir='ltr'>omnis</span> <span class='ocrx_word' id='word_1_236' title='bbox 2671 3353 2792 3404; x_wconf 91' lang='lat' dir='ltr'>per-</span> 
     </span>
     <span class='ocr_line' id='line_1_29' title="bbox 448 3419 2791 3495; baseline 0 -18"><span class='ocrx_word' id='word_1_237' title='bbox 448 3420 734 3495; x_wconf 79' lang='grc' dir='ltr'><strong><em>τώρυσσε,</em></strong></span> <span class='ocrx_word' id='word_1_238' title='bbox 784 3427 883 3478; x_wconf 81' lang='grc' dir='ltr'>καὶ</span> <span class='ocrx_word' id='word_1_239' title='bbox 932 3421 1318 3494; x_wconf 81' lang='grc' dir='ltr'><strong><em>περιτοξεύων</em></strong></span> <span class='ocrx_word' id='word_1_240' title='bbox 1356 3419 1392 3493; x_wconf 77' lang='grc' dir='ltr'><em>ἢ</em></span> <span class='ocrx_word' id='word_1_241' title='bbox 1438 3423 1564 3481; x_wconf 79' lang='grc' dir='ltr'><strong><em>ἐσα-</em></strong></span> <span class='ocrx_word' id='word_1_242' title='bbox 1674 3425 1828 3492; x_wconf 80' lang='lat' dir='ltr'>fugas</span> <span class='ocrx_word' id='word_1_243' title='bbox 1862 3423 2069 3478; x_wconf 85' lang='lat' dir='ltr'>vinctos</span> <span class='ocrx_word' id='word_1_244' title='bbox 2106 3425 2308 3478; x_wconf 83' lang='lat' dir='ltr'>adduci.</span> <span class='ocrx_word' id='word_1_245' title='bbox 2384 3427 2616 3479; x_wconf 87' lang='lat' dir='ltr'>Eorum</span> <span class='ocrx_word' id='word_1_246' title='bbox 2661 3442 2791 3479; x_wconf 90' lang='lat' dir='ltr'>ma-</span> 
     </span>
    </p>
   </div>
   <div class='ocr_carea' id='block_1_9' title="bbox 447 3506 2790 3671">
    <p class='ocr_par' dir='ltr' id='par_1_10' title="bbox 447 3506 2790 3671">
     <span class='ocr_line' id='line_1_30' title="bbox 447 3506 2790 3585; baseline 0.001 -21"><span class='ocrx_word' id='word_1_247' title='bbox 447 3514 722 3579; x_wconf 82' lang='grc' dir='ltr'><strong><em>κοντίζων</em></strong></span> <span class='ocrx_word' id='word_1_248' title='bbox 772 3506 853 3565; x_wconf 76' lang='grc' dir='ltr'>ἔτι</span> <span class='ocrx_word' id='word_1_249' title='bbox 911 3508 1219 3579; x_wconf 79' lang='grc' dir='ltr'><strong><em>ἐμπνέουσι</em></strong></span> <span class='ocrx_word' id='word_1_250' title='bbox 1275 3517 1388 3585; x_wconf 82' lang='grc' dir='ltr'>πῦρ</span> <span class='ocrx_word' id='word_1_251' title='bbox 1434 3510 1565 3569; x_wconf 56' lang='lat'>{2718—</span> <span class='ocrx_word' id='word_1_252' title='bbox 1674 3531 1799 3582; x_wconf 89' lang='lat' dir='ltr'>gna</span> <span class='ocrx_word' id='word_1_253' title='bbox 1821 3529 1997 3582; x_wconf 79' lang='lat' dir='ltr'>parS,</span> <span class='ocrx_word' id='word_1_254' title='bbox 2024 3514 2103 3566; x_wconf 92' lang='lat' dir='ltr'>uti</span> <span class='ocrx_word' id='word_1_255' title='bbox 2127 3515 2332 3567; x_wconf 91' lang='lat' dir='ltr'>iussum</span> <span class='ocrx_word' id='word_1_256' title='bbox 2358 3517 2487 3581; x_wconf 80' lang='lat' dir='ltr'>erat,</span> <span class='ocrx_word' id='word_1_257' title='bbox 2515 3516 2790 3568; x_wconf 87' lang='lat' dir='ltr'>adducti.</span> 
     </span>
     <span class='ocr_line' id='line_1_31' title="bbox 450 3602 634 3671; baseline 0.011 -18"><span class='ocrx_word' id='word_1_258' title='bbox 450 3602 634 3671; x_wconf 54' lang='grc' dir='ltr'><strong><em>τίθει]</em></strong></span> 
     </span>
    </p>
   </div>
   <div class='ocr_carea' id='block_1_10' title="bbox 1539 3960 1702 4045">
    <p class='ocr_par' dir='ltr' id='par_1_11' title="bbox 1539 3960 1702 4045">
     <span class='ocr_line' id='line_1_32' title="bbox 1539 3960 1702 4045; baseline -0.006 -19"><span class='ocrx_word' id='word_1_259' title='bbox 1539 3960 1702 4045; x_wconf 62' lang='grc' dir='ltr'>ἓ4.</span> 
     </span>
    </p>
   </div>
   <div class='ocr_carea' id='block_1_11' title="bbox 456 4084 2790 4276">
    <p class='ocr_par' dir='ltr' id='par_1_12' title="bbox 456 4084 2790 4276">
     <span class='ocr_line' id='line_1_33' title="bbox 632 4084 2790 4170; baseline -0 -23"><span class='ocrx_word' id='word_1_260' title='bbox 632 4084 768 4149; x_wconf 87' lang='lat' dir='ltr'>Hoc</span> <span class='ocrx_word' id='word_1_261' title='bbox 823 4085 963 4148; x_wconf 91' lang='lat' dir='ltr'>loco</span> <span class='ocrx_word' id='word_1_262' title='bbox 1012 4086 1272 4167; x_wconf 92' lang='lat' dir='ltr'>paulum</span> <span class='ocrx_word' id='word_1_263' title='bbox 1319 4084 1737 4149; x_wconf 87' lang='lat' dir='ltr'>subsistamus</span> <span class='ocrx_word' id='word_1_264' title='bbox 1785 4095 1846 4149; x_wconf 91' lang='lat' dir='ltr'>et</span> <span class='ocrx_word' id='word_1_265' title='bbox 1894 4106 2054 4170; x_wconf 91' lang='lat' dir='ltr'>quae</span> <span class='ocrx_word' id='word_1_266' title='bbox 2101 4087 2223 4147; x_wconf 88' lang='lat' dir='ltr'>huc</span> <span class='ocrx_word' id='word_1_267' title='bbox 2271 4105 2473 4168; x_wconf 90' lang='lat' dir='ltr'>usque</span> <span class='ocrx_word' id='word_1_268' title='bbox 2519 4103 2790 4168; x_wconf 85' lang='lat' dir='ltr'>exposu-</span> 
     </span>
     <span class='ocr_line' id='line_1_34' title="bbox 456 4193 1514 4276; baseline -0.003 -22"><span class='ocrx_word' id='word_1_269' title='bbox 456 4193 706 4274; x_wconf 78' lang='lat' dir='ltr'>erimuS,</span> <span class='ocrx_word' id='word_1_270' title='bbox 755 4199 964 4255; x_wconf 85' lang='lat' dir='ltr'>mente</span> <span class='ocrx_word' id='word_1_271' title='bbox 1008 4193 1514 4276; x_wconf 88' lang='lat' dir='ltr'>complectamur.</span> 
     </span>
    </p>
   </div>
  </div>
 </body>
</html>
