3217 4900
1406 300 1845 364 -46-

455 482 551 562 (Β.
591 480 655 545 Ο.
696 481 744 562 Ι,
781 501 830 545 c.
877 481 1026 560 105)
1066 480 1277 544 verbis
1318 470 1421 544 ὅτι
1459 469 1662 543 αὐτόν
1701 467 1737 542 ό
1777 473 2027 560 δαίμων
2061 469 2179 563 ’ἤδη
2216 470 2443 563 καλοίη
2483 513 2561 521 —-
2606 494 2800 558 quae-

456 604 709 671 cunque
764 590 931 652 enim
980 589 1217 670 species
1265 584 1722 648 dormientibus
1769 584 2054 663 offertur,
2108 603 2143 645 a
2192 583 2287 646 dis
2333 583 2526 644 missa
2571 589 2666 645 est
2711 619 2802 627 —

456 696 659 758 solum
710 694 930 758 leviter
976 694 1322 757 adumbret.

635 801 950 880 Conferas,
999 818 1251 883 quaeSO,
1296 800 1473 862 haec:

644 1065 809 1119 Plut.
848 1063 1004 1119 Sull.
1044 1080 1088 1117 c.
1129 1065 1199 1117 34
1236 1064 1394 1117 med.

568 1174 732 1227 Ουτω
771 1170 830 1225 δὲ
870 1163 984 1238 ἄρα
1022 1165 1100 1225 οὐ
1137 1176 1286 1235 ταῖς
1324 1167 1572 1240 πράξε-

458 1280 566 1315 σιν
614 1256 702 1325 ὡς
748 1268 889 1324 τοῖς
938 1254 1410 1330 εὐτυχήμασιν
1460 1255 1573 1313 ἐπί-

457 1367 676 1413 στευεν,
737 1340 891 1404 ὥστε
958 1344 1385 1416 παμπόλλων
1451 1347 1576 1415 μὲν

456 1433 910 1508 ἀνῃρημένων
944 1433 1049 1492 ὑπ’
1082 1433 1275 1499 αὐτοῦ,
1314 1454 1570 1491 καινοτο·

454 1529 586 1593 μίας
640 1526 701 1581 δὲ
749 1523 1052 1597 γενομένης
1108 1529 1206 1580 καὶ
1252 1527 1575 1592 μεταβολῆς

457 1613 520 1671 ἐν
548 1620 614 1683 τῇ
642 1611 806 1669 πόλει
836 1610 1132 1683 τοσαύτης,
1163 1610 1572 1669 ἀποθέσθαι

455 1703 558 1773 τὴν
595 1700 775 1774 ἀρχὴν
813 1706 908 1758 καὶ
956 1700 1057 1757 τὸν
1094 1704 1273 1771 δῆμον
1310 1698 1573 1772 ἀρχαιρε-

459 1797 598 1846 σιῶν
624 1787 920 1846 ὑπατικῶν
951 1793 1185 1859 ποιῆσαι
1224 1787 1437 1859 κύριον,
1478 1785 1573 1843 αὐ-

457 1879 552 1944 τὸς
607 1879 667 1934 δὲ
724 1878 799 1948 μὴ
860 1883 1236 1950 προσελθεῖν,
1313 1874 1440 1931 ἀλλ’
1503 1874 1574 1931 ἐν

384 2005 386 2008 >
458 1963 678 2042 ἀγορᾷ
717 1964 789 2021 τὸ
831 1968 1027 2035 σῶμα
1071 1965 1394 2037 παρέχων
1431 1975 1574 2030 τοῖς

456 2055 916 2128 βουλομένοις
987 2052 1385 2111 ὑπεύθυνον
1448 2048 1573 2108 ὦσ-

459 2164 586 2216 περ
643 2141 919 2214 ἰδιώτης
974 2142 1572 2214 ἀναστρέφεσθαι.

1917 1065 2065 1130 App.
2104 1060 2166 1114 B.
2207 1060 2263 1115 C.
2303 1060 2346 1120 Ι,
2387 1076 2431 1113 c.
2475 1059 2574 1112 103

1790 1169 1902 1221 Καί
1956 1186 2052 1234 μοι
2110 1168 2308 1232 θαῦμα
2363 1163 2471 1233 μὲν
2517 1167 2613 1218 καὶ
2669 1159 2802 1217 τόδε

1685 1253 1862 1312 αὐτοῦ
1908 1257 2349 1324 καταφαίνεται,
2406 1249 2645 1322 τοσήνδε
2702 1248 2801 1319 ἀρ·

1680 1343 1790 1415 χὴν
1830 1349 2059 1414 πρῶτον
2106 1343 2330 1412 ἀνδρῶν
2377 1344 2475 1396 καὶ
2521 1337 2699 1409 μόνον
2743 1334 2808 1416 ἐςὁ

1684 1431 1816 1489 τότε
1865 1431 2108 1497 Σύλλαν,
2168 1429 2402 1496 οὐδενὸς
2453 1428 2802 1500 ἐπείγοντος,

1681 1520 2223 1578 ἀποθέσθαι...
2260 1565 2271 1575 .
2319 1523 2415 1574 καὶ
2455 1514 2801 1589 παράδοξον,

1683 1606 1805 1668 οἷον
1845 1606 2003 1667 οὔπω
2043 1630 2093 1665 τι
2133 1606 2349 1680 ἕτερον,
2399 1605 2463 1663 τὸ
2502 1605 2577 1676 μὴ
2618 1610 2802 1661 δεῖσαι

1682 1697 2014 1769 νεότητος
2062 1697 2134 1755 ἐν
2171 1701 2345 1771 τῷδε
2391 1701 2481 1771 τῷ
2519 1694 2802 1767 πολέμῳ

1683 1788 1895 1843 πλέον
1940 1784 2294 1858 μυριάδων
2338 1785 2504 1841 δέκα
2551 1783 2803 1855 ἀνῃρη-

1681 1877 1890 1947 μένης
1927 1881 2043 1932 κτλ.
2087 1894 2130 1931 o.
2173 1877 2277 1931 104
2300 1877 2579 1930 τοσοῦτον
2615 1864 2686 1943 ἦν
2738 1869 2804 1926 έν

1683 1969 1828 2040 τῷδε
1885 1969 1967 2038 τῷ
2022 1960 2183 2034 ἀνδρὶ
2240 1961 2493 2032 τόλμης
2539 1964 2653 2016 καὶ
2696 1956 2804 2016 τύ-

1678 2075 1824 2126 χης,
1899 2045 1965 2108 ὃν
2030 2052 2096 2125 γέ
2163 2070 2339 2122 φασιν
2406 2049 2664 2107 ἐπειπεῖν
2731 2047 2804 2104 ἐν

1684 2140 1930 2219 ἀγορᾷ,
1989 2140 2091 2211 τὴν
2136 2137 2317 2212 ἀρχὴν
2360 2138 2802 2206 ἀποτιθέμενον,

1686 2224 1789 2287 ἶῖτι
1839 2236 1954 2286 καὶ
2001 2227 2228 2301 λόγον,
2279 2225 2352 2285 εἴ
2385 2247 2487 2292 τις
2539 2225 2804 2295 αἰτοίη,

1686 2326 1818 2376 τῶν
1883 2315 2282 2391 γεγονότων
2347 2314 2619 2387 ὑφέξει,
2688 2318 2807 2371 καὶ

1682 2406 1799 2475 τὰς
1854 2405 2155 2482 ῥάβδους
2217 2402 2620 2463 καθελόντα
2683 2408 2803 2461 καὶ

1683 2496 1842 2563 τοὺς
1905 2494 2248 2561 πελέκεας
2309 2494 2429 2566 τὴν
2485 2491 2803 2565 φρουρὰν

1683 2584 1812 2642 ἀπὸ
1844 2590 1965 2641 τοῦ
1994 2582 2314 2653 σώματος
2349 2580 2798 2646 ἀπώσασθαι,

1683 2678 1797 2731 καὶ
1835 2668 2048 2743 μόνον
2083 2669 2257 2742 μετὰ
2300 2677 2437 2728 τῶν
2475 2674 2695 2742 φίλων
2736 2671 2804 2737 ἐς

1683 2762 1854 2819 πολὺ
1895 2761 1963 2819 ἐν
2000 2762 2188 2835 μέσῳ
2225 2763 2524 2833 βαδίσαι.

636 3017 730 3081 De
785 3021 921 3102 ipsa
973 3038 1124 3082 vero
1184 3024 1384 3081 morte
1432 3018 1709 3082 dicentes
1757 3017 2165 3079 dissentiunt:
2221 3016 2387 3098 apud
2436 3016 2796 3099 Appianum

459 3127 626 3188 enim
666 3125 858 3206 Sulla,
907 3131 1235 3208 postquam
1285 3129 1749 3203 testamentum,
1796 3124 1962 3205 quod
2010 3142 2124 3206 per
2168 3129 2404 3186 totum
2448 3122 2613 3185 diem
2653 3141 2795 3184 con-

458 3233 813 3315 scripserat,
861 3234 1105 3315 vesperi
1153 3231 1534 3315 obsignavit,
1580 3237 1759 3294 aestu
1807 3239 1869 3291 et
1912 3229 2071 3291 febri
2120 3231 2384 3292 iactatus
2433 3234 2623 3292 noctu
2669 3245 2794 3290 mo·

458 3342 645 3421 ritur;
702 3338 867 3422 apud
916 3338 1325 3401 Plutarchum
1384 3339 1540 3400 nihil
1597 3337 1675 3400 de
1721 3341 2091 3399 testamento
2139 3337 2441 3419 scriptum
2490 3337 2796 3415 videmus,

457 3447 566 3510 sed
631 3444 808 3509 Sulla
870 3444 1089 3507 Granii
1152 3447 1246 3507 ira
1311 3450 1579 3508 vexatus
1644 3443 1972 3536 sanguinis
2037 3444 2363 3526 eruptione
2427 3441 2801 3506 absumitur.

459 3551 634 3628 Quae
682 3551 995 3635 quomodo
1042 3554 1208 3615 inter
1244 3571 1311 3615 se
1349 3552 1648 3632 coniungi
1686 3552 1948 3633 possint,
1993 3568 2121 3611 non
2160 3549 2342 3612 video
2382 3568 2589 3632 neque
2625 3558 2801 3632 put0,

457 3663 511 3723 si
556 3661 621 3722 in
671 3660 993 3722 communi
1037 3658 1209 3721 fonte
1253 3658 1536 3738 fuissent,
1585 3676 1746 3740 quae
1795 3657 1871 3719 de
1919 3655 2152 3718 Granio
2199 3665 2554 3736 narrantur,
2605 3658 2800 3739 Appi-

458 3785 648 3830 anum
697 3767 851 3828 haec
898 3768 1281 3828 omissurum
1326 3765 1537 3827 fuisse.

636 3872 852 3958 Capite
901 3873 1126 3935 deinde
1174 3873 1257 3935 38
1300 3891 1521 3935 rursus
1561 3870 1940 3933 Plutarchus
1980 3890 2124 3933 cum
2165 3872 2455 3956 Appiano
2493 3871 2800 3953 congruit,

458 3982 768 4064 imprimis
818 3978 983 4042 Plut.
1023 3978 1240 4061 Pomp.
1282 3998 1331 4041 e.
1376 3979 1454 4041 15
1505 3985 1888 4061 comparatO,
1935 3979 2044 4041 sed
2090 3997 2311 4040 rursus
2358 3979 2470 4059 ita,
2519 3984 2588 4039 ut
2633 3977 2803 4060 apud

460 4087 865 4150 Plutarchum
918 4086 1255 4171 Pompeius
1300 4088 1537 4169 primas
1581 4091 1789 4170 partes
1835 4093 2004 4168 agat,
2055 4085 2222 4169 apud
2271 4084 2633 4168 Appianum
2682 4081 2802 4148 Oa-

457 4194 631 4259 tulus
679 4196 903 4258 vincat.
