3217 4900
1400 272 1838 343 ...40-

445 443 725 511 έκεῖνον
762 444 1072 526 ἡγεμόνα
1109 457 1226 513 καὶ
1265 450 1558 526 προστά-
1669 471 1870 524 supra
1947 456 2159 526 ipsum
2240 452 2588 511 cubantem
2671 450 2800 508 'vel

443 561 565 611 την
601 538 632 598 ὃ
673 538 1019 611 Ῥωμαίων
1064 545 1300 612 δῆμος,
1349 537 1559 614 ὑπερ·
1669 543 1856 598 hunc'
1895 544 2161 597 dixerit.

442 629 963 699 κατακειμένου
1009 636 1129 687 τοῦ
1169 634 1447 704 Μαρίου
1485 635 1562 701 τῇ

437 724 624 793 χειρὶ
651 716 770 775 τὸν
788 710 975 787 ὦμον
1003 717 1222 791 ἠρέμα
1252 716 1564 787 πατάξας

443 803 474 864 ὃ
514 810 840 879 Σκηπίων
885 805 1115 879 ,,Τάχα
1162 808 1236 864 δὲ
1273 813 1565 864 τοῦτον“
2121 856 2127 864 .
2543 848 2548 853 -

444 892 659 968 εΙΖπεν.
712 886 940 962 Οἵτως
969 892 1226 966 εὐφυὴς
1259 889 1342 969 ἦν
1373 896 1405 954 ὁ
1435 895 1562 966 μὲν
1778 898 1910 964 Quo
1970 900 2219 966 augurio
2289 898 2802 968 perfectissima

445 982 522 1040 ἐκ
557 986 934 1056 μειρακίου
980 991 1281 1056 φανῆναι
1318 985 1554 1058 μέγας,
1668 988 1885 1041 virtus
1920 988 2264 1042 maximam
2301 987 2629 1040 orientem
2666 987 2798 1039 vir-

443 1067 475 1128 ὄ
524 1072 594 1129 δὲ
641 1070 775 1130 ἀπὸ
823 1078 940 1143 τῆς
982 1071 1198 1144 ἀρχῆς
1244 1072 1317 1130 τὸ
1366 1073 1563 1139 τέλος
1669 1074 1875 1128 tutem
1957 1076 2297 1130 videritne
2389 1075 2644 1129 certius
2718 1092 2795 1128 an

444 1165 710 1231 νοῆσαι.
1670 1163 2033 1217 efficacius
2071 1164 2421 1234 accenderit,
2472 1163 2799 1232 perpendi

551 1269 595 1306 c.
636 1254 686 1305 4.
766 1248 875 1307 Τὸν
921 1250 976 1305 δ’
1015 1243 1118 1307 οὖν
1165 1246 1394 1323 Μάριον
1446 1246 1561 1307 ὑπὸ
1669 1252 1780 1305 vix
1817 1254 2055 1321 potest.

442 1335 652 1409 ταύτης
722 1338 951 1411 λέγεται
1023 1338 1270 1408 μάλιστα
1343 1344 1562 1410 φωνῆς,

444 1418 645 1499 ὥσπερ
724 1423 833 1485 ὑπὸ
921 1431 1123 1493 θείας
1195 1425 1562 1498 κλῃδόνος,

445 1514 849 1588 ἐπαρθέντα
886 1525 1039 1582 ταῖς
1077 1514 1353 1573 ἐλπίσιν
1390 1511 1565 1589 ὁρμῆ-

445 1623 540 1661 σαι
578 1602 724 1677 πρὸς
758 1602 863 1674 τὴν
899 1607 1207 1661 πολιτείαν.

628 1802 894 1867 Peterus
941 1806 1138 1887 igitur
1183 1823 1265 1867 ex
1313 1823 1413 1885 ec,
1465 1807 1631 1889 quod
1681 1811 1868 1890 caput
1914 1811 2269 1868 extremum
2318 1805 2394 1867 ad
2443 1806 2633 1870 verba
2680 1809 2794 1869 ite-

446 1918 651 1973 ratum
699 1915 794 1974 est
838 1931 876 1973 a
908 1909 1161 1976 Valerio
1202 1910 1499 1993 Maximo,
1547 1912 1723 1976 aliud
1772 1912 2118 1995 quidquam
2166 1910 2328 1998 effici
2367 1931 2550 1996 posse
2588 1917 2797 1994 negat,

446 2018 567 2085 nisi
628 2022 700 2080 ut
755 2016 1136 2082 Plutarchus
1191 2019 1462 2082 eundem
1521 2038 1594 2082 ac
1648 2017 1946 2082 Valerius
1994 2017 2314 2087 Maximus
2369 2018 2604 2082 fontem
2651 2020 2690 2081 i.
2740 2037 2793 2081 e.

445 2122 741 2187 Livium
802 2126 1217 2208 usurpaverit.
1311 2123 1522 2200 Quid?
1617 2123 1933 2189 Censesne
1988 2123 2126 2189 fieri
2186 2145 2314 2189 non
2361 2127 2665 2209 potuisse,
2723 2132 2800 2188 ut

434 2236 507 2309 *et
554 2229 771 2294 Livius
826 2236 888 2294 et
935 2230 1317 2295 Plutarchus
1379 2250 1461 2295 ex
1507 2232 1727 2295 eodem
1775 2239 2030 2295 auctore
2074 2231 2447 2296 haurirent?
2540 2231 2675 2294 Iam
2726 2238 2801 2295 ut

445 2343 687 2401 certum
735 2337 1053 2421 quoddam
1099 2338 1401 2402 iudicium
1452 2339 1783 2419 faciamuS,
1835 2339 1990 2401 haec
2037 2338 2362 2402 Plutarchi
2410 2337 2601 2401 verba
2648 2357 2798 2401 cum

445 2444 591 2508 Sall.
635 2444 702 2507 B.
742 2444 789 2508 l.
829 2465 880 2509 c.
921 2445 1069 2525 63,3
1117 2446 1299 2509 iuxta
1344 2466 1710 2530 componas:
1901 2451 1908 2458 “

923 2640 1090 2694 Plut.
2159 2637 2307 2693 Sall.

553 2742 699 2816 πρὸς
732 2744 839 2814 μὲν
867 2743 1099 2800 ἀστεῖον
1135 2749 1232 2799 καὶ
1270 2742 1565 2818 γλαφυρὸν
1779 2762 1956 2815 neque
2028 2745 2245 2799 urbanis
2326 2731 2600 2804 munditiis
2674 2762 2799 2799 sese

445 2837 574 2907 βίον
602 2830 1033 2906 ἀγροικοτέραν,
1075 2830 1351 2904 σώφρονα
1378 2833 1438 2889 δὲ
1467 2837 1566 2889 καὶ
1675 2835 1942 2890 exercuit:
2630 2845 2636 2850 ·

445 2932 568 2988 ταῖς
613 2918 787 2978 πάλαι
827 2918 1120 2991 Ῥωμαίων
1166 2931 1404 2994 τροφαῖς
1452 2919 1564 2978 έοι-
1780 2924 1856 2977 ita
1912 2924 2055 2977 inter
2116 2923 2243 2977 artis
2304 2923 2490 2977 bonas·
2525 2923 2798 2992 inte-'grum

444 3019 624 3067 κυῖαν;
1672 3012 1946 3082 ingenium
1985 3012 2136 3066 brevi
2173 3011 2417 3066 adolevit.
2573 3009 2578 3024 '
2609 3023 2615 3032 “

627 3208 810 3284 Quod
865 3230 1011 3274 cum
1069 3216 1311 3274 constet
1356 3210 1503 3275 Sall.
1545 3211 1614 3275 B.
1653 3210 1703 3276 I.
1743 3230 1792 3275 c.
1834 3212 2008 3290 63,1;
2058 3230 2107 3273 c.
2151 3211 2263 3286 64;
2314 3230 2363 3273 c.
2405 3209 2487 3272 65
2537 3231 2571 3274 e
2619 3211 2786 3274 Posi-

447 3316 636 3380 donio
683 3336 988 3397 manasse,
1034 3319 1436 3401 perspicuum
1485 3324 1582 3381 est
1629 3317 2036 3381 Plutarchum
2087 3320 2267 3380 initio
2314 3319 2535 3402 capitis
2582 3338 2617 3381 e
2663 3316 2786 3400 Po·-

447 3424 747 3486 sidonio
785 3424 1055 3486 haerere.
1126 3423 1324 3488 Porro
1366 3426 1666 3506 quoniam
1704 3426 1905 3508 capite
1942 3427 2203 3487 ineunte
2236 3413 2617 3488 Plutarchus
2646 3441 2794 3486 cum

448 3529 748 3595 Sallustio
787 3532 1095 3613 congruit,
1133 3537 1405 3594 exeunte
1444 3550 1586 3593 cum
1626 3529 1824 3613 Livio,
1864 3533 1971 3614 qui
2008 3531 2420 3595 Posidonium
2458 3551 2584 3593 non
2617 3532 2800 3595 aliter'

448 3643 637 3720 atque
684 3636 1021 3700 Sallustius
1068 3644 1130 3699 et
1178 3637 1558 3700 Plutarchus
1605 3639 1682 3699 ad
1732 3657 1832 3701 res
1880 3637 2029 3702 belli
2066 3637 2429 3722 Iugurthini
2476 3622 2798 3723 exponen-⁸

447 3744 558 3806 das
606 3743 982 3822 adhibuerit,
1029 3744 1152 3806 nisi
1199 3746 1410 3807 omnia
1456 3763 1557 3806 me
1603 3744 2183 3829 fallunt,·proxime
2230 3746 2309 3807 ad
2357 3764 2575 3807 verum
2621 3763 2796 3808 acce-

448 3850 658 3913 dimus
695 3848 1190 3913 Posidonium
1231 3849 1552 3913 Plutarchi
1590 3858 1652 3913 et
1690 3849 1854 3913 Livii
1892 3870 2293 3915 communem
2330 3852 2566 3915 fontem
2606 3851 2797 3914 etiam

447 3956 566 4020 hoc
605 3955 741 4019 loco
779 3956 975 4019 fuisse
1012 3964 1356 4019 censentes.
1427 3955 1653 4039 Neque
1687 3957 1837 4020 huic
1874 3959 2223 4020 sententiae
2260 3961 2586 4041 repugnat,
2624 3956 2793 4039 quod

446 4062 784 4127 Sallustius
831 4061 1103 4125 Marium
1152 4063 1302 4125 dicit
1349 4065 1577 4148 Arpini
1626 4063 1823 4126 altum
1870 4082 2034 4145 esse,
2088 4063 2466 4127 Plutarchus
2515 4061 2795 4126 Gereatis

448 4155 880 4252 'Arpinatium
930 4188 1077 4252 nam
1102 4168 1419 4252 SallustiO,
1452 4172 1688 4253 quippe
1717 4172 1829 4253 qui
1856 4171 2058 4233 solum
2087 4169 2322 4256 bellum
2345 4170 2794 4261 Iugurthinum
