3217 4900
379 513 692 581 imperiis
755 514 929 583 cupi-

378 601 667 655 ditatem
721 602 926 667 effecit,

377 693 467 758 ut,
489 707 611 746 cum
630 693 930 746 commeatu

378 779 558 848 petito
704 780 927 834 Rom‘am

377 869 657 936 venisset,
742 868 927 924 consul

377 960 669 1011 crearetur
731 957 922 1012 belli-

375 1062 494 1114 que
557 1063 766 1114 paene
820 1062 923 1116 pa·

374 1135 558 1188 trati
583 1151 615 1188 a
636 1133 923 1203 Metelle,

374 1222 481 1290 qui
510 1222 588 1276 bis
606 1223 925 1292 Jugurtham

372 1312 501 1365 acie
530 1312 760 1380 fuderat,
780 1327 924 1366 sum-

370 1417 473 1454 ma
500 1400 925 1455 committeretur

368 1489 503 1543 sibi.
587 1487 787 1543 Metelli
843 1491 923 1543 ta-

368 1595 514 1632 men
540 1580 596 1630 et
622 1577 922 1646 triumphus

366 1668 491 1721 fuit
517 1665 841 1721 clarissimus
866 1677 923 1721 et

370 1755 639 1809 meritum
696 1771 765 1809 ex
810 1757 920 1809 vir·

373 1848 502 1898 tute
542 1845 592 1897 ei
628 1849 919 1913 cognomen

376 1933 657 1987 Numidici
675 1933 917 1987 inditum.

1349 340 1785 406 ..33-

1002 514 1442 584 biaeimperio
1461 515 1533 569 ni-

1001 603 1118 658 mis
1154 606 1486 674 gauderet.

1069 975 1113 1013 c.
1135 958 1221 1026 82,
1242 960 1275 1014 3
1296 961 1365 1014 cf.
1388 977 1437 1029 p.
1462 964 1525 1014 11

998 1046 1162 1101 Plut.
1190 1047 1339 1102 Mar.
1368 1066 1414 1102 c.
1444 1046 1528 1112 10,

997 1136 1067 1190 cf.
1105 1152 1156 1203 p.
1198 1138 1280 1190 11.

1067 1507 1110 1545 c.
1151 1491 1237 1558 88,
1279 1494 1306 1544 1
1335 1492 1525 1547 Metel-

992 1579 1528 1635 lusintereaRomam

994 1669 1268 1737 profectus
1341 1673 1528 1722 contra

993 1773 1143 1826 spem
1203 1773 1352 1811 suam
1415 1757 1523 1812 lae-

992 1846 1227 1900 tissumis
1335 1848 1524 1900 animis

992 1935 1281 2004 excipitur,
1381 1936 1519 2004 plebi

990 2024 1350 2092 patribusque,
1376 2028 1520 2093 post-

991 2128 1149 2181 quam
1193 2114 1394 2167 invidia
1428 2115 1520 2168 de-

992 2204 1253 2269 cesserat,
1373 2204 1525 2258 iuxta

993 2306 1164 2345 carus

1677 872 1850 924 Eutr.
1891 872 1941 937 4,
1976 870 2044 924 27
2073 873 2138 925 et

1603 976 1746 1013 cum
1781 960 1904 1013 iam
1930 960 2138 1013 finevm

1603 1047 1776 1102 bello
1795 1049 2136 1116 positurus

1602 1138 1808 1203 esset,
1828 1151 2136 1191 successum

1602 1229 1688 1280 est
1722 1226 1773 1280 ei
1810 1242 1842 1278 a
1865 1223 1922 1280 C.
1948 1224 2135 1281 Mario·

1671 1314 1801 1367 Liv.
1851 1313 1989 1367 Per.
2042 1313 2135 1368 65:

1598 1402 1850 1457 Metellus
1933 1402 2136 1456 duobus

1600 1491 2134 1561 proeliisJugurtham

1597 1581 1755 1634 fudit.

1669 1670 1844 1723 Eutr.
1874 1670 1925 1735 4,
1945 1669 2038 1722 27:
2080 1671 2134 1723 et

1595 1760 1700 1812 duo
1755 1758 2012 1826 triumphi
2064 1759 2130 1812 de

1594 1848 1875 1917 Jugurtha,
1926 1847 2130 1914 primus

1593 1954 1692 2005 per
1715 1935 2008 2002 Metellum,
2045 1951 2129 1989 se-

1595 2026 1800 2079 cundus
1858 2041 1957 2092 per
2015 2024 2128 2077 Ma-

1596 2115 1735 2168 rium
1772 2114 1876 2167 acti
1913 2116 2054 2168 sunt.

2209 516 2387 570 virum
2442 518 2498 570 et
2551 516 2742 583 civem,

2210 620 2333 658 cum
2369 603 2434 658 ab
2459 619 2539 672 eo,
2573 605 2743 674 impe-

2211 693 2384 747 ratore
2397 693 2745 760 suo,Romam

2210 781 2403 835 missus
2414 784 2743 851 essetapud

2209 870 2515 939 populum
2618 872 2742 924 Ro-

2208 975 2461 1013 manum
2524 960 2741 1014 crimi-

2208 1050 2401 1103 natus
2449 1050 2551 1102 est
2602 1047 2742 1102 bel·

2208 1136 2338 1190 lum
2393 1135 2577 1190 illum
2624 1138 2741 1192 du-

2210 1241 2388 1292 cere,
2435 1225 2481 1278 si
2518 1241 2577 1280 se
2616 1242 2741 1280 con-

2208 1313 2380 1367 sulem
2465 1313 2741 1382 fecissent,

2209 1401 2359 1456 brevi
2384 1404 2624 1472 tempore
2651 1406 2743 1456 aut

2208 1491 2391 1545 vivum
2453 1493 2546 1545 aut
2598 1509 2738 1545 mor-

2206 1582 2358 1634 tuum
2418 1581 2737 1650 Jugurtham

2205 1686 2264 1724 se
2311 1670 2369 1723 in
2420 1672 2736 1738 potestatem

2203 1758 2739 1827 populiRomanired-

2204 1848 2510 1914 acturum.¹)
2629 1849 2736 1901 Ita-

2203 1953 2306 2004 que
2339 1936 2515 1990 factus
2542 1940 2626 1990 est
2651 1936 2737 1990 ille

2202 2026 2416 2094 quidem
2535 2025 2737 2093 consul,

2200 2115 2296 2168 sed
2342 2131 2374 2168 a
2418 2115 2529 2168 fide
2583 2116 2735 2169 iusti-

2200 2204 2378 2272 tiaque
2474 2204 2735 2268 discessit,

2200 2293 2291 2361 qui
2363 2293 2621 2361 optimum
2683 2296 2739 2347 et

2191 2381 2561 2452 gravissimum
2662 2382 2737 2436 oi-

2194 2488 2336 2538 vem,
2358 2472 2508 2525 cuius
2527 2471 2734 2541 legatus

2198 2562 2254 2614 et
2300 2576 2331 2614 a
2380 2576 2483 2629 quo
2539 2562 2733 2615 missus

2196 2650 2356 2715 esset,
2394 2650 2452 2702 in
2477 2649 2730 2704 invidiam

2195 2738 2331 2793 falso
2378 2739 2600 2793 crimine
2641 2741 2731 2793 ad-

2196 2828 2425 2882 duxerit.

2269 2988 2309 3053 ¹)
2337 2989 2406 3041 cf.
2431 2986 2567 3040 Plut.
2596 3005 2641 3041 c.
2670 2988 2729 3048 8:

2197 3059 2318 3112 Sall.
2345 3058 2407 3111 B.
2432 3058 2481 3111 J.
2510 3075 2554 3112 c.
2583 3059 2668 3124 65,
2695 3062 2728 3115 3

2197 3130 2375 3198 (huius
2394 3129 2518 3182 diss,
2549 3146 2599 3197 p.
2625 3131 2730 3199 10.)

558 3380 626 3444 Si
664 3380 790 3444 Cic.
831 3381 908 3444 de
945 3380 1043 3445 off.
1084 3378 1203 3456 ΙΙΙ,
1243 3383 1344 3463 20,
1388 3382 1470 3443 79
1509 3387 1573 3444 et
1609 3380 1754 3444 San.
1803 3380 1871 3445 Β.
1920 3381 1966 3445 I.
2016 3402 2064 3443 c.
2116 3381 2259 3462 64,5
2310 3385 2370 3443 et
2419 3380 2563 3463 65,3
2613 3402 2731 3446 nec

386 3504 505 3549 non
541 3487 708 3550 Plut.
744 3486 896 3551 Mar.
928 3507 978 3551 c.
1013 3489 1053 3551 8
1087 3496 1243 3551 extr.
1277 3490 1753 3570 comparaveris
1787 3494 1849 3552 te
1880 3507 2006 3551 non
2035 3487 2232 3569 fugiet
2265 3485 2729 3570 Ciceronem,

379 3613 764 3677 quamquam
829 3595 893 3656 in
925 3596 1176 3657 >ceteris
1223 3591 1507 3657 Sallustii
1565 3600 1627 3657 et
1678 3594 1995 3658 Plutarchi
2041 3594 2337 3676 similem,
2393 3599 2604 3658 tamen
2651 3595 2729 3658 ab

367 3703 455 3764 iis
502 3702 593 3764 ita
630 3720 767 3764 esse
806 3701 1144 3782 diversum,
1191 3707 1262 3764 ut
1303 3699 1541 3763 Marius
1580 3699 1817 3765 Metelli
1855 3702 2116 3786 quidem
2154 3701 2456 3766 mand-atu
2492 3700 2729 3765 Romae

367 3807 595 3870 adesse
622 3808 929 3871 videatur.
1001 3805 1178 3882 Quae
1211 3814 1426 3871 utrum
1451 3805 1668 3872 Cicero
1688 3828 1772 3872 ex
1792 3809 1915 3872 alio
1950 3808 2224 3892 quodam
2244 3807 2416 3874 fonte
2441 3828 2726 3892 sumpse-

365 3914 466 3976 rit
485 3932 567 3976 an
592 3932 627 3977 e
651 3913 1009 3994 PosidoniO,
1032 3916 1097 3976 in
1127 3915 1333 3978 medio
1356 3914 1666 3999 relinquo.
1740 3914 2124 3998 Cogitaveris
2148 3933 2299 3979 vero
2324 3916 2535 3998 aliqua
2566 3919 2727 3979 veri-

367 4018 572 4083 simili
631 4022 874 4085 ratione
932 4020 1253 4084 Posidonii
1300 4020 1494 4085 verba
1547 4023 1783 4086 idcirco
1841 4042 1877 4085 a
1925 4022 2222 4086 Cicerone
2279 4028 2519 4085 mutata
2573 4041 2729 4091 esse,

370 4144 509 4207 quo
553 4124 830 4192 firmiore
876 4133 1247 4211 argumento
1293 4129 1454 4192 illud
1506 4127 1673 4193 'cum
1721 4148 2064 4214 permagna
2108 4131 2384 4213 praemia
2420 4134 2588 4213 sunt,
2633 4137 2728 4194 est

369 4250 572 4294 causa
616 4233 937 4315 peccandi’

705 4337 738 4390 3

986 4234 1455 4299 demonstraret.
