3217 4900
1456 336 1533 349 -
1631 300 1671 364 8

479 472 815 550 ἐνέχυρον
842 470 962 547 τὴν
982 473 1057 534 οὐ
1072 480 1229 533 σίαν
1283 496 1493 549 neque
1514 496 1633 535 sua
1650 497 1822 547 cara,
1851 479 2029 548 quip-
2085 481 2257 534 torem
2309 475 2613 548 compellari
2659 495 2830 547 posse.

477 565 600 623 ἑκά
617 587 781 623 στου
812 568 1091 622 τιθέναι
1123 542 1233 623 οό3
1283 586 1360 638 pe
1407 586 1570 638 quae
1618 569 1800 623 nulla
1853 570 2029 635 sunt,
2085 569 2272 636 Itaque
2310 569 2644 623 fastidiosum
2669 569 2831 622 dilec-

476 677 511 711 κ
524 677 556 712 ο
567 662 603 709 ὖ
614 676 647 711 ν
660 677 689 711 τ
703 677 735 713 ο
747 678 787 721 ς.
1285 661 1341 712 et
1413 659 1591 712 omnia
1665 664 1786 712 cum
1860 658 2029 726 pretio
2087 660 2174 711 tus
2211 674 2379 727 genus
2416 659 2470 711 in
2510 657 2833 711 exercitibus

1281 748 1512 801 honesta
1548 748 1814 801 videntur.
2086 747 2339 801 Romanis
2424 747 2834 800 oblitterandum

2087 837 2243 889 duxit
2253 878 2267 903 ‚
2341 853 2410 889 ne
2484 835 2604 889 talis
2679 836 2835 888 notae

2089 926 2330 994 contagio
2351 925 2418 978 ad
2433 925 2605 993 ipsius
2625 939 2835 992 quoque

2085 1014 2283 1084 gloriae
2411 1012 2837 1083 subgillationem

2087 1104 2415 1172 penetraret.

660 1318 860 1381 Flor.
910 1318 975 1399 I,'
1001 1319 1102 1399 36,
1155 1319 1233 1380 13
1274 1317 1418 1400 (ΙΙΙ,
1458 1320 1569 1400 1.):
1618 1318 1942 1382 Postremo
1981 1318 2223 1382 Marius
2260 1320 2460 1382 auctis
2498 1319 2840 1382 admodum

483 1426 704 1509 copiis,
769 1444 913 1487 cum
978 1444 1113 1508 pro
1180 1424 1662 1488 obscuritate
1715 1428 2020 1508 generis
2076 1427 2198 1488 sui
2264 1428 2509 1507 capite
2573 1445 2840 1488 censos

480 1549 952 1595 sacramento
1000 1533 1402 1614 adegisset.
1454 1585 1464 1594 .
1515 1585 1527 1597 .
1578 1583 1589 1594 .

516 1760 678 1813 Plut.
720 1759 871 1813 Mar.
911 1776 954 1813 c.
996 1760 1028 1813 9
1068 1766 1205 1812 extr.

559 1869 745 1919 Ταῦτα
804 1864 864 1919 δὲ
928 1861 994 1920 οὐ
1052 1869 1235 1930 κενῶς

1341 1758 1490 1813 Sall.
1530 1759 1590 1813 B.
1630 1761 1677 1812 J.
1719 1777 1763 1813 c.
1804 1762 1889 1827 73,
1928 1762 1977 1814 4.

1359 1867 1756 1934 Imperatori

2102 1760 2273 1816 Cass,
2311 1761 2493 1814 Dion.
2532 1763 2600 1814 fr.
2640 1762 2728 1818 89.
2768 1764 2816 1815 3.

2168 1860 2254 1922 ὅτι
2292 1864 2394 1922 τὸν
2420 1865 2718 1923 Μέτελλον
2746 1872 2845 1922 καὶ

2095 1953 2160 2010 δι’
2185 1954 2374 2012 ἐκεῖνο
2394 1956 2536 2030 ῥᾷον
2556 1960 2846 2028 διαβαλεῖν

1864 1868 2037 1921 nobi·

483 1953 614 2009 οὐδὲ
646 1950 995 2022 ἄλαζονικῶς
1035 1948 1234 2025 ἔλεγεν
1287 1957 1475 2023 litas⁷
1514 1973 1649 2023 quae
1677 1958 1835 2010 antea
1858 1958 2036 2010 decori

483 2040 614 2099 οὐδὲ
660 2039 845 2113 μάτην
903 2040 1231 2114 ἅπεχθάνε-
1288 2046 1419 2108 fuit,
1455 2046 1789 2124 ‘invidiae
1865 2061 2036 2113 esse;
2094 2039 2124 2100 ὃ
2169 2044 2394 2117 Μάριος
2429 2042 2709 2115 ἠδυνήθη,
2758 2038 2841 2100 ὅτι

484 2137 626 2188 σθαι
660 2142 780 2197 τοῖς
817 2135 1076 2197 δυνατοῖς
1102 2137 1233 2204 βου·
1290 2140 1352 2188 at
1386 2134 1490 2187 illi
1528 2134 1728 2188 alteri
1767 2136 2038 2204 generis
2094 2130 2124 2189 ὃ
2162 2134 2289 2202 μὲν
2330 2128 2400 2190 ἔν
2437 2154 2508 2190 τε
2553 2144 2699 2199 τοῖς
2739 2132 2846 2190 εὕ-

482 2218 736 2290 λόμενος,
787 2217 908 2277 ἀλλ’
951 2216 982 2277 ὃ
1024 2225 1235 2291 δῆμος
1288 2224 1644 2278 humilitas
1738 2226 2037 2278 favorem
2093 2225 2463 2295 πατρίδαις
2522 2221 2845 2292 ἐξητάζε-

484 2308 693 2366 αὐτὸν
754 2306 1096 2380 ἧδομενός
1164 2330 1236 2367 τε
1290 2315 1657 2368 addiderat:
1744 2316 2036 2367 ceterum
2093 2332 2169 2367 το
2206 2310 2412 2367 καὶτὰ
2452 2318 2551 2367 τοῦ
2591 2313 2856 2381 πολέμου

483 2406 559 2471 τῇ
607 2404 823 2473 βουλῇ
878 2405 1235 2473 προπηλα-
1288 2404 1882 2473 inutroquemagis
1907 2405 2036 2457 stu·
2093 2395 2300 2474 ἄριστα
2339 2403 2686 2472 διεχείριζεν,
2733 2399 2846 2457 αὕ-

483 2489 820 2560 κιζομένῃ
887 2495 985 2546 καὶ
1060 2487 1236 2562 λόγου
1290 2494 1397 2546 dia
1485 2494 1767 2561 partium
1852 2510 2038 2561 quam
2094 2488 2311 2555 τὸςδὲ
2354 2487 2846 2560 ἐξάφανεστά-

484 2577 692 2651 κόμπῳ
718 2582 946 2650 μετρῶν
975 2578 1067 2635 ἀεὶ
1098 2600 1235 2651 φρο-
1292 2582 1460 2636 bona
1529 2585 1640 2636 aut
1699 2581 1865 2635 mala
1926 2599 2040 2635 sua
2093 2600 2211 2636 του
2250 2583 2367 2636 καὶ
2414 2577 2847 2649 ἀδηλοτάτου

485 2666 735 2738 νήματος
780 2668 1057 2740 μέγεθος,
1119 2666 1237 2735 ἐξε-

485 2754 777 2827 κούφιζε
825 2761 942 2812 καὶ
1000 2762 1237 2823 συνεξ-

488 2844 679 2917 ώρμα
728 2844 811 2914 μὴ
863 2848 1237 2914 φείδεσθαι

1291 2672 1641 2725 moderata.

2096 2668 2165 2734 ἐς
2211 2667 2284 2725 τὸ
2333 2669 2551 2737 μέσον
2607 2670 2847 2741 παριέ-

2095 2780 2204 2814 ναι
2263 2753 2542 2829 ἦρχετο,
2602 2759 2664 2815 οὶ
2717 2757 2846 2831 γὰρ

2094 2851 2342 2903 πολλοὶ
2391 2845 2686 2917 ἑτοίμως
2730 2848 2847 2904 τὸν

485 2940 619 2991 τῶν
675 2931 1068 3005 ἀξιολόγων
1119 2954 1236 3005 χα-

489 3021 861 3096 ριζόμενον
896 3033 1038 3089 τοῖς
1076 3027 1236 3077 πολ-

487 3118 646 3179 λοῖς

2093 2932 2378 3006 μὲνὺπὸ
2413 2942 2535 2993 τοῦ
2574 2936 2845 3005 φθόνου

2094 3023 2487 3097 καθῄρουν,
2577 3024 2695 3081 τὸν
2775 3026 2845 3081 δὲ

2095 3112 2845 3186 πρὸςτάςέπαγγελίας

2098 3193 2318 3273 ηὗξοκ

668 3454 734 3519 b.
789 3453 1130 3517 Secundo
1178 3455 1343 3518 loco
1394 3455 1968 3540 quaerentibuS,
2026 3477 2336 3540 quaenam
2386 3460 2551 3521 inter
2597 3457 2840 3521 Sallu-

488 3562 716 3623 stium
744 3559 946 3622 solum
975 3566 1036 3623 et
1067 3561 1560 3625 Plutarchum
1585 3564 1744 3626 ratio
1770 3565 2130 3644 intercedat,
2150 3564 2332 3628 nobis
2357 3566 2419 3627 id
2446 3567 2841 3629 animadver-

491 3666 755 3728 tendum
789 3675 882 3729 est
915 3673 1213 3730 neutrum
1240 3687 1376 3732 esse
1418 3669 1887 3752 compilatorem
1913 3689 1996 3733 ex
2020 3690 2193 3734 more
2227 3670 2488 3735 Diodori
2519 3674 2618 3736 vel
2646 3675 2840 3738 Athe-

493 3775 654 3853 naei,
702 3779 1001 3836 neutrum
1050 3773 1241 3837 fontis
1288 3777 1390 3838 sui
1434 3775 1647 3840 verbis
1693 3777 2012 3841 addictum
2064 3775 2227 3859 esse,
2288 3785 2580 3843 neutrum
2634 3789 2841 3843 mente

494 3898 566 3941 ac
604 3878 869 3942 consilio
903 3898 1130 3942 carere.
1201 3879 1426 3965 Itaque
1457 3884 1509 3945 si
1541 3883 1860 3967 plerisque
1892 3887 1959 3946 in
1992 3886 2181 3948 rebus
2214 3905 2487 3968 prorsuS,
2524 3889 2589 3949 in
2622 3890 2839 3971 paucis

491 3985 659 4048 haud
706 3988 794 4049 ita
841 3987 920 4048 ad
969 3987 1162 4050 verba
1207 3990 1630 4071 consentiunt,
1677 4011 1804 4054 non
1853 3992 2270 4055 dubitandum
2321 3999 2430 4070 est,
2480 3996 2633 4077 quin
2673 3997 2836 4057 eius-

492 4093 632 4155 dem
689 4095 964 4157 auctoris
1021 4096 1288 4177 vestigia
1345 4103 1680 4161 sectentur.
1773 4097 2054 4161 Maxima
2110 4100 2304 4182 igitur
2350 4100 2694 4164 similitudo
2740 4103 2837 4163 in-

489 4202 744 4264 venitur
790 4202 889 4265 his
934 4203 1117 4265 locis:
