3217 4900
1459 319 1898 382 *22-

685 493 911 584 Neque
947 518 1097 563 vero
1129 498 1347 563 Livii
1395 506 1489 563 est
1521 499 2040 581 obliviscendum,
2078 519 2115 561 a
2152 516 2280 582 quo
2314 500 2587 583 priorem
2625 493 2860 562 Bocchi

506 608 885 691 legationem
944 607 1222 671 eundem
1279 609 1343 669 in
1410 607 1671 670 modum
1736 612 1927 689 atque
1983 627 2018 669 a
2080 605 2379 670 Sallustio
2440 608 2861 690 Appianoque

509 721 828 779 narratam
874 734 1011 778 esse
1057 734 1140 778 ex
1188 713 1357 777 Cass.
1407 713 1589 777 Dion.
1640 714 1780 797 frgt.
1830 715 1933 794 89,
1984 715 2021 776 5
2071 714 2302 777 elucet:

571 880 694 948 Ὅτι
731 894 831 960 τῆς
871 891 1082 961 Κίρτας
1119 888 1255 945 καθ’
1345 890 1495 946 Sall.
1533 890 1594 944 B.
1632 891 1682 955 J,
1721 906 1768 946 c.
1809 889 1929 959 102,
1970 892 2036 945 13
2212 892 2368 960 App.
2405 890 2583 943 Num.
2622 891 2691 943 fr.
2731 892 2766 942 4

508 976 821 1052 ὁμολογίαν
892 974 1141 1047 ἁλούσης
1225 973 1255 1034 ὅ
1383 997 1729 1052 Numidiae
1793 999 2060 1068 partem,
2188 998 2312 1066 γῆν
2359 993 2489 1067 γὰρ
2534 987 2614 1065 ἢν
2657 993 2863 1060 αὐτῐς

511 1065 1258 1140 Βόκχθςὲπέκηθυκέύσαῖθ
1313 1087 1480 1140 unde
1543 1086 1606 1139 vi
1667 1086 2062 1156 «Iugurtham
2112 1081 2474 1155 Ἰογόρθαν
2526 1082 2862 1154 ἀφείλετο

510 1161 593 1228 “s
622 1159 831 1231 Μαρίῳ
868 1159 980 1211 καὶ
1018 1153 1097 1211 τὰ
1134 1155 1259 1223 μὲν
1314 1175 1680 1243 expulerit,
1718 1176 1862 1229 iure
1901 1175 2062 1230 belli
2115 1171 2286 1246 πρὸς
2380 1176 2653 1246 Μαρίου
2745 1176 2864 1229 νῦν

511 1248 748 1319 πρῶτα
785 1242 907 1315 τὴν
943 1249 1063 1302 τοῦ
1101 1243 1257 1301 '1⁰¹²‘
1313 1280 1491 1319 suam
1527 1265 1785 1319 factam.
2114 1261 2542 1336 ἀφῃρῆσθαι.

510 1332 827 1407 γούρθου
888 1330 1105 1406 ἀρχὴν
1152 1355 1258 1402 μι-

510 1421 688 1481 σθὸν
742 1427 859 1488 τῖς
913 1419 1259 1492 μεταστά-

513 1531 688 1579 σεως
724 1509 888 1584 ᾔτει.

690 1677 761 1743 d.
812 1675 1057 1739 Deinde
1102 1678 1182 1740 iis
1229 1677 1457 1758 verbiS,
1506 1696 1669 1761 quae
1716 1677 1883 1762 apud
1932 1676 2220 1741 Cassium
2268 1676 2540 1742 Dionem
2585 1697 2864 1761 sequun-

512 1790 615 1847 tur
663 1779 914 1862 (ἔπειτα
959 1778 1049 1867 μὴ
1093 1779 1296 1865 τυχῶν
1341 1775 1534 1871 αὐτῆς
1577 1775 1805 1862 ἅπλῶς
1849 1776 2077 1864 ἧξίωσε
2132 1784 2489 1868 συμβῆναι),
2552 1786 2866 1848 secundae

514 1891 747 1955 Bocchi
795 1891 1127 1974 legationis
1173 1910 1422 1954 summa
1468 1892 1692 1955 leviter
1737 1891 2147 1975 significatur,
2195 1899 2383 1976 atque
2423 1895 2501 1955 iis
2540 1894 2689 1977 ipsis
2728 1911 2861 1955 ver-

517 1998 614 2061 bis
662 1998 749 2061 ad
797 1994 1221 2061 Diodorum
1267 1999 1733 2080 reducimur,
1780 2019 1816 2060 a
1865 2018 1991 2083 quo
2039 1999 2303 2082 digressi
2349 1994 2599 2077 sumu's3
2648 1999 2858 2062 simul-

515 2123 657 2189 que,
705 2108 1084 2188 quatenus
1140 2107 1560 2190 Appianus,
1618 2104 2059 2188 Sallustius,
2114 2103 2525 2187 DiodoruS,
2581 2105 2862 2187 LiviuS,

516 2211 981 2275 Plutarchus
1025 2213 1230 2275 inter
1274 2232 1351 2276 se
1397 2214 1912 2294 consentiant,
1960 2214 2480 2297 quaerendum
2526 2219 2654 2278 est.

512 2372 662 2439 App.
702 2370 882 2424 Num.
917 2370 987 2422 fr.
1014 2371 1046 2423 5
1121 2370 1269 2426 Sall.
1307 2371 1370 2428 Β.
1395 2372 1446 2426 J.
1471 2388 1517 2426 c.
1546 2372 1648 2426 103
1790 2370 1970 2425 Diod.
2009 2372 2078 2426 fr.
2118 2371 2187 2426 39
2330 2370 2713 2426 Oass.Dion.fr.
2727 2372 2814 2440 89,
2836 2374 2868 2425 5

575 2465 691 2531 (Ότι
743 2471 774 2532 ὁ
824 2471 1049 2547 Βόκχος
1192 2496 1237 2534 c.
1281 2480 1400 2547 103,
1439 2480 1472 2532 2
1519 2479 1654 2533 Tum

515 2561 746 2636 ἑτέρους
822 2559 1047 2635 ἔπεμψε
1121 2584 1307 2623 rursus
1320 2568 1564 2623 Bocchus
1584 2585 1655 2622 ex
1798 2546 2070 2622 πρέσβεις
2092 2544 2262 2618 ἔπεμ-

515 2652 807 2725 πθέσβὲις,
1121 2658 1266 2711 omni
1291 2658 1442 2727 copia
1463 2673 1653 2712 neces·
1727 2652 1806 2708 Ψε

1121 2747 1382 2801 sariorum
1419 2747 1655 2816 quinque

1120 2834 1331 2905 delegit.

590 2971 646 3029 οἳ
684 2977 914 3045 Μαρίου
942 2974 1050 3044 μὲν
1124 2994 1168 3031 c.
1210 2979 1330 3047 103,
1368 2978 1401 3031 2
1439 2978 1545 3033 Eos
1589 2978 1656 3032 ad
1799 2974 1943 3048 πρὸς
1988 2973 2089 3032 τὸν
2138 2973 2262 3032 Μά-

519 3056 758 3131 ἔμελλον
1120 3067 1351 3121 Marium
1371 3067 1654 3135 acdeinde,
1730 3082 1856 3137 ριον

1121 3156 1168 3210 si
1192 3156 1412 3226 placeat,
1431 3157 1657 3211 Romam

1119 3245 1320 3316 legatos
1365 3248 1446 3301 ire
1491 3246 1656 3314 iubet,
1760 3232 1763 3235 ⁴

587 3387 720 3454 περὶ
830 3381 1052 3457 εἰρήνης
1196 3390 1523 3459 agundarum
1568 3405 1655 3442 re·
2408 3384 2604 3444 ἔπειτα
2645 3408 2727 3460 μη
2778 3407 2868 3443 τυ-

514 3470 848 3543 δεὴσεσθαι,
1120 3494 1240 3531 rum
1301 3481 1358 3532 et
1402 3495 1655 3547 quocum·
2233 3482 2237 3487 '
2329 3474 2452 3548 χών
2471 3472 2644 3545 αὐτῆς
2672 3471 2871 3542 ἁπλῶς

1121 3584 1224 3636 que
1300 3569 1455 3620 modo
1530 3566 1657 3620 belli
2332 3562 2545 3632 ν’ξίωσε
2563 3569 2868 3638 συμβῆναι.

1121 3656 1460 3726 conponundi
1484 3655 1656 3710 licen-

1119 3746 1247 3799 tiam
1327 3744 1458 3815 ipsis
1531 3761 1654 3815 per-

1120 3833 1298 3888 mittit.

590 3970 780 4027 Σύλλα
837 3973 896 4028 δὲ
955 3970 1050 4028 ἵνα
1197 3993 1241 4030 c.
1283 3977 1402 4043 103,
1443 3978 1472 4029 7
1501 3976 1659 4030 simul

518 4058 907 4133 συμπράξειεν
994 4060 1054 4129 ἐς
1125 4066 1262 4119 abeo
1275 4063 1662 4135 (Sulla)petunt

515 4147 617 4215 τὰς
653 4147 952 4218 διαλίσεις.
1125 4154 1204 4207 uti
1240 4154 1421 4208 fautor
1445 4152 1659 4209 consul-

1124 4244 1313 4313 torque
1358 4243 1460 4298 sibi
1504 4243 1656 4299 adsit.
