3217 4900
668 838 818 893 Sall.
855 838 915 892 B.
954 839 1003 892 J.
1043 855 1090 895 ο.
1132 838 1250 903 108,
1294 839 1321 890 1

542 944 625 999 Ibi
663 962 785 999 oum
821 945 1034 1000 Boccho
1071 945 1309 999 Numida
1343 945 1553 1014 quidam

436 1035 645 1102 Aspar
690 1034 904 1089 nomine
950 1035 1179 1089 multum
1228 1037 1285 1088 et
1327 1033 1554 1088 familia-

436 1124 571 1176 riter
614 1123 825 1193 agebat,
881 1124 1284 1194 praemissus
1328 1122 1404 1177 ab
1449 1124 1554 1178 Ju-

434 1212 698 1281 gurtha‚
754 1214 1033 1282 postquam
1081 1211 1280 1266 Sullam
1327 1212 1553 1266 accitum

435 1300 690 1367 audierat,
718 1304 895 1355 orator
923 1304 979 1355 et
1014 1300 1286 1355 subdole
1325 1317 1555 1370 specu-

434 1390 633 1443 latum
671 1389 913 1444 Bocchi
952 1390 1249 1444 consilia.

669 1566 818 1621 Sall.
854 1567 915 1623 B.
955 1569 1007 1624 J.
1045 1584 1088 1621 e.
1132 1568 1249 1632 108,
1290 1569 1321 1620 3

536 1674 660 1741 [Sed
698 1689 797 1742 ego
833 1675 1112 1743 conperior
1146 1673 1438 1742 Bocchum]

537 1762 809 1815 multum
848 1779 982 1816 eum
1025 1764 1242 1816 animo
1268 1779 1382 1815 suo
1420 1762 1550 1815 vol-

434 1867 584 1905 vere
641 1851 938 1916 solitum,
994 1852 1384 1921 Jugurtham
1441 1852 1551 1905 Ro-

429 1940 637 1994 manis
678 1957 757 1994 an
800 1938 907 1992 illi
944 1939 1185 1993 Sullam
1233 1941 1549 1994 traderet.

537 2032 598 2097 (ol
653 2031 772 2094 113,
836 2032 880 2081 1.
940 2030 972 2082 3
1029 2028 1248 2083 Maurus
1305 2029 1552 2083 adhibitis

428 2118 610 2172 amieis
648 2134 708 2171 ac
748 2117 926 2171 statim
972 2118 1234 2171 inmutata
1277 2117 1550 2171 voluntate

428 2206 646 2259 remotis
681 2206 878 2259 dicitur
923 2222 1107 2260 secum
1154 2206 1268 2275 ipse
1316 2207 1541 2259 multum

426 2295 741 2364 agitavisse)

515 2828 664 2884 Sall.
704 2829 748 2882 B
804 2830 852 2881 J.
894 2846 939 2883 c,
983 2831 1078 2881 111

501 2938 544 2987 1.
594 2936 905 2990 faciundum
961 2934 1172 3014 aliquid,

1410 2829 1599 2884 Diod.
1637 2829 1705 2880 fr.
1746 2828 1814 2882 39
1895 2873 1910 2886 ..

1299 2938 1403 2989 τοῦ
1439 2934 1499 2989 δὲ
1532 2935 1766 3004 Μαρίου
1806 2929 1978 2988 σπεύ-

2040 485 2231 553 λαβων
2275 499 2630 555 στρατιωτας
2679 482 2789 539 ολί-

2041 591 2175 642 γους
2214 568 2245 626 ὁ
2284 568 2508 636 Σύλλας
2554 570 2656 628 τὸν
2692 572 2788 641 μέ-

2041 677 2239 730 γιστον
2284 657 2462 715 ὑπέδυ
2508 663 2785 717 κίνδυνον.

1950 841 2104 909 App.
2143 839 2321 895 Num.
2362 839 2431 892 fr.
2472 841 2503 893 5

1767 944 2019 1014 Αψαρα
2065 939 2386 1014 Ἰογόρθα
2435 945 2657 1014 φίλον,
2719 943 2789 1001 ἐν

1669 1029 1947 1103 Βόκχου
1968 1032 2617 1101 καταλελειμμένον
2638 1031 2788 1103 ἐφο-

1667 1141 1795 1193 ραν
1832 1118 1910 1177 τὰ
1949 1117 2473 1193 γιγνόμενα.

1946 1567 2117 1623 Plut.
2154 1568 2306 1624 Mar.
2346 1586 2389 1622 e.
2435 1570 2500 1623 10

1772 1668 1904 1743 ἔσχε
1942 1671 2051 1740 μέν
2089 1692 2171 1737 τις
2207 1671 2390 1743 τροπὴ
2432 1672 2660 1745 γνώμης
2690 1679 2786 1729 καὶ

1661 1760 1937 1829 μετάνοια
1994 1759 2095 1816 τὸν
2154 1758 2466 1833 βάρβαρον,
2523 1760 2786 1834 ἡμέρας

1662 1870 1734 1907 τε
1773 1847 2029 1921 συχνὰς
2066 1850 2403 1920 διηνέχθη
2434 1856 2526 1924 τῷ
2551 1855 2782 1922 λογισ-

1662 1945 1761 2014 μῷ
1798 1936 2321 2011 βουλευόμενος
2359 1933 2394 2008 ἢ
2434 1944 2781 2009 παραδοῦ-

1663 2049 1771 2084 ναι
1830 2026 1952 2084 τὸν
2005 2023 2455 2098 Ἰουγούρθαν
2517 2022 2554 2097 ἢ
2614 2027 2783 2097 μηδὲ

1663 2114 1782 2173 τὸν
1820 2115 2094 2173 Σύλλαν
2131 2112 2430 2185 ἀφεῖναι.

1761 2207 2011 2262 Sull.0.3
2058 2201 2269 2272 θύμὴν
2289 2202 2430 2258 α’λλὰ
2460 2199 2784 2274 όΒόκχος

1658 2293 2084 2365 ἀμφοτέρων
2119 2290 2362 2364 κύριος
2396 2290 2783 2364 γενόμενος

1657 2387 1774 2438 καὶ
1845 2381 2296 2453 καταστήσας
2369 2377 2619 2436 ἑαυτὸν
2686 2379 2784 2447 εἰς

1656 2470 1972 2545 ἀνάγκην
2018 2475 2140 2528 τοῦ
2194 2474 2782 2543 παρασπονδῆσαι

1657 2560 1776 2617 τὸν
1803 2558 2074 2634 ἕτερον,
2112 2564 2231 2615 καὶ
2269 2556 2487 2616 πολλὰ
2518 2563 2781 2631 διενεχ-

1660 2654 1815 2715 θεὶς
1852 2654 1929 2719 τῇ
1976 2645 2210 2720 γνώμῃ
2234 2693 2245 2704 .
2271 2692 2280 2704 .
2307 2692 2350 2703 ..

2057 2827 2229 2881 Cass».
2269 2826 2451 2879 Dion.
2490 2827 2559 2879 fr.
2598 2826 2684 2892 89,
2725 2827 2757 2879 6

2098 2921 2214 2986 Ὅτι
2271 2927 2301 2983 ὃ
2365 2929 2589 3002 Μάριος
2645 2930 2779 2999 πρέ·-

431 3026 563 3092 quod
593 3023 804 3080 illorum
831 3027 924 3094 (se.
955 3028 1173 3078 senatus
1228 3026 1425 3088 δοντος
1480 3019 1840 3094 αἰχμάλωτον
1887 3026 1977 3077 λα·
2037 3024 2198 3092 σβεις
2223 3024 2325 3074 τοῦ
2367 3017 2589 3091 Βόκχου
2619 3040 2777 3087 κομι·

429 3116 484 3166 et
535 3131 582 3183 p.
642 3115 727 3183 R.)
783 3116 948 3183 magis
1014 3130 1171 3182 quam
1226 3116 1352 3184 βεῖν
1387 3109 1685 3182 Ἰογόρθαν
1732 3109 1832 3165 τὸν
1878 3116 1974 3183 βα·
2034 3102 2283 3176 σάμενος
2320 3108 2427 3163 οὐκ
2478 3105 2585 3178 ἔφη
2625 3105 2778 3181 αὐτῷ

427 3218 523 3255 sua
559 3203 829 3257 rettulisse
876 3203 1171 3270 videretur,
1229 3200 1389 3255 σιλέα
1414 3195 1751 3264 ὑπακούσας
1778 3197 1809 3253 ὁ
1833 3196 1973 3253 8152-
2034 3195 2458 3265 συνθήσεσθαι,

425 3291 477 3343 id
518 3292 647 3345 adeo
673 3292 731 3344 in
760 3293 1007 3360 promptu
1035 3307 1169 3344 esse.
1222 3309 1357 3361 χος.
1384 3334 1392 3343 .
1419 3335 1427 3344 .
1453 3335 1463 3344 .

427 3367 672 3446 quoniam
730 3380 931 3448 copiam
977 3380 1171 3448 Jugur-

426 3469 549 3522 thae
630 3468 871 3524 haberet.
966 3469 999 3520 ‘2
1075 3485 1173 3522 rex

427 3557 594 3625 primo
631 3557 874 3625 negitare
953 3558 984 3611 3
1022 3557 1173 3611 deni-

427 3661 530 3713 que
621 3646 832 3714 saepius
922 3647 1174 3715 fatigatus

425 3733 627 3788 lenitur
672 3737 728 3789 et
782 3751 851 3788 ex
899 3735 1174 3789 voluntate

427 3822 601 3877 Sullae
630 3824 807 3876 omnia
823 3839 882 3877 se
906 3825 1175 3878 facturum

425 3911 699 3980 promittit.

497 4052 542 4089 c.
596 4036 712 4100 112,
754 4040 780 4090 1
832 4040 887 4092 at
934 4054 1029 4091 rex
1079 4054 1168 4106 po-

1299 4040 1395 4091 καὶ
1449 4031 1975 4104 μεταπεμψάμενος

2563 3196 2618 3251 εἰ

2031 3284 2132 3340 τὸν
2156 3283 2525 3358 Ἰουγούρθαν
2548 3218 2782 3341 ἔκδοτΙόῚύ

2031 3370 2163 3445 παρ’
2196 3370 2374 3428 αὐτοῦ
2404 3371 2592 3445 λάβοι·
2622 3365 2654 3429 ὃ
2683 3379 2780 3429 καὶ

2031 3463 2284 3535 γέγονεν.

2122 3929 2290 3983 Plut.
2328 3927 2481 3983 Mar.
2518 3944 2562 3980 ο.
2608 3929 2673 3982 10

2103 4034 2368 4104 φανερῶς
2385 4032 2491 4099 μὲν
2514 4029 2661 4103 ὑπὲρ
2683 4029 2775 4086 αὕ-

426 4126 570 4178 stero
589 4126 675 4179 die
696 4128 956 4195 Asparem
975 4128 1172 4195 Jugur-
1229 4129 1433 4180 τοῦτον
1483 4121 1831 4196 (Ἰογόρθαν)
1891 4119 1976 4189 ὡς
2031 4127 2135 4178 τοῦ
2174 4118 2631 4193 παραιτούμενος
2654 4117 2775 4176 Μά-

427 4213 551 4266 thae
631 4213 863 4283 legatum
947 4213 1176 4284 adpellat
1230 4216 1391 4285 περί
1478 4234 1685 4270 τινων
1775 4215 1977 4283 κοινῇ
2032 4231 2156 4283 ριον
2175 4214 2274 4266 καὶ
2304 4203 2544 4282 γράφων
2563 4205 2642 4276 ὡς
2671 4208 2776 4265 οὐκ
