3217 4900
487 470 535 525 7.
574 468 661 526 Fit
684 488 810 526 reus
834 488 945 526 ma-

413 562 493 631 gis
531 578 601 616 ex
650 577 819 629 aequo
857 561 948 615 bo-

412 668 588 719 noque
651 669 809 720 quam
881 668 949 704 ex

412 742 529 795 iure
566 741 807 811 gentium
844 740 946 793 Bo-

413 830 613 883 milcar.

486 1008 536 1063 9.
648 1007 950 1078 (Jugmha)

416 1097 549 1151 clam
570 1098 628 1151 in
646 1095 951 1150 Numidiam

416 1185 767 1240 Bomilcarem
867 1185 949 1237 di-

415 1275 595 1327 mittit.

487 1453 556 1505 Et
602 1453 714 1520 ipse
768 1451 950 1518 paucis

415 1542 603 1594 diebus
624 1542 809 1593 eodem
830 1556 950 1607 pro-

415 1632 593 1684 fectus
632 1633 729 1696 est,
777 1631 952 1681 iussus

418 1737 448 1772 a
520 1721 711 1772 senatu
800 1717 955 1770 Italia

418 1808 698 1861 decedere.

494 1986 574 2039 10.
638 1985 742 2038 Sed
810 1987 951 2051 post-

419 2091 575 2143 quam
587 2074 755 2126 Roma
773 2087 952 2140 egres-

419 2180 510 2216 sus
585 2165 693 2227 est,
777 2162 955 2213 fertur

419 2268 577 2320 saepe
636 2267 699 2304 eo
759 2250 953 2302 tacitus

419 2340 711 2409 respiciens
747 2341 953 2406 postre-

424 2446 511 2483 mo
538 2429 739 2483 dixisse
765 2427 953 2481 urbem

420 2518 663 2572 venalem
731 2519 786 2570 et
842 2533 951 2569 ma-

420 2610 541 2660 ture
569 2607 879 2674 perituram,
909 2607 953 2659 si

423 2695 952 2763 emptoreminvene-

422 2785 505 2837 rit.

1097 1447 1269 1515 αὐτὸς
1301 1449 1363 1503 δὲ
1402 1446 1558 1503 οὐδε-

1025 1558 1121 1602 νος

1706 1467 1827 1504 cum
1839 1449 2168 1518 periclitare-

1236 1533 1562 1602 κωλύοντος
1635 1542 1725 1592 tur
1762 1554 1976 1593 causam
2025 1539 2168 1606 capi-

1028 1623 1562 1694 ἐπανῆλθενείςτῖν
1635 1628 1704 1681 tis
1760 1629 1970 1693 dicere,
2033 1626 2168 1681 olam

1025 1718 1336 1787 βασιλείαν.

1635 1718 1870 1786 profugit

1706 1986 1761 2036 et
1798 1984 1995 2036 cedens
2033 1983 2166 2037 urbe

1701 2161 1877 2214 fertur

1702 2518 1899 2571 dixisse
1911 2534 1958 2585 ,o
1977 2518 2166 2571 urbem

1631 2607 1879 2661 venalem
1943 2611 1998 2661 et
2061 2610 2166 2661 cito

1631 2698 1939 2764 perituram,
1953 2697 1998 2749 si
2018 2713 2165 2766 emp-

1632 2789 1804 2839 torem
1861 2788 2165 2840 invenerit.‘

2304 490 2390 526 οτι
2485 471 2779 542 Βομίλχας

2231 557 2736 633 κατηγορούμενος

2311 999 2488 1075 ἔφυγε
2540 1023 2648 1075 προ
2700 1005 2779 1059 δι’-

2236 1113 2362 1162 κης,

2314 1451 2412 1502 καὶ
2483 1444 2782 1518 Ἰογόρθας

2243 1534 2349 1592 σὺν
2392 1535 2562 1610 αὐτῷ,

2312 2166 2481 2216 τοῦτο
2502 2157 2566 2230 δὴ
2587 2157 2650 2214 τὸ
2679 2179 2778 2216 πε-

2242 2247 2623 2321 ριφερόμενον
2722 2247 2780 2314 ἐς

2240 2335 2373 2404 τοὺς
2392 2342 2778 2410 δωροδοκοῦν-

2241 2449 2340 2493 τας
2413 2423 2610 2492 εἰπών,
2690 2418 2777 2483 ὅτι

2232 2513 2525 2586 Ῥωμαίων
2550 2513 2582 2587 ἢ
2614 2514 2778 2582 πόλις

2242 2604 2399 2663 ἐστὶν
2429 2605 2569 2662 ὠνία
2599 2611 2771 2668 πᾶσα,

2243 2691 2403 2760 εἴτις
2428 2692 2646 2764 ω’νητὴς
2680 2692 2770 2750 αὖ·

2241 2791 2339 2853 τῆς
2379 2780 2665 2854 εὑρεθείη.

602 2980 805 3046 Oros‚
847 2981 924 3062 V,
977 2984 1175 3063 15,5:
1241 2982 1569 3046 Praeterea
1618 3003 1762 3045 cum
1810 2982 2074 3048 Romam
2127 2987 2258 3069 ipse
2306 2986 2597 3065 venisset,
2645 3004 2779 3046 om-

422 3090 612 3153 nibus
667 3092 938 3175 pecunia
984 3098 1093 3153 aut
1139 3093 1449 3175 corruptis
1496 3097 1606 3153 aut
1653 3094 2036 3175 attemptatis
2084 3092 2421 3155 seditiones
2474 3091 2773 3154 dissensi-

424 3217 703 3280 onesque
740 3198 1134 3284 permiscuit3
1181 3217 1388 3281 quam,
1437 3219 1585 3262 cum
1624 3200 2045 3282 egrederetur,
2093 3198 2310 3260 infami
2350 3200 2500 3261 satis
2539 3199 2783 3260 notavit

425 3306 628 3387 elogio
678 3305 918 3366 dicens:
967 3324 1019 3385 ,o
1071 3304 1286 3367 urbem
1338 3307 1628 3368 venalem
1677 3313 1737 3368 et
1785 3315 2030 3369 mature
2073 3310 2445 3390 perituram,
2504 3307 2558 3367 si
2608 3324 2779 3387 emp-

424 3422 622 3474 torem
672 3411 1035 3472 invenerit1‘

612 3534 799 3597 Flor.
856 3534 914 3613 I,
972 3535 1223 3615 36,18:
1299 3536 1420 3600 Sed
1478 3537 1585 3600 ille
1643 3557 1923 3621 quoque,
1980 3540 2271 3621 quamvis
2331 3539 2533 3600 victus
2592 3545 2782 3620 atque

438 3645 716 3721 vinctuS,
774 3642 930 3703 vidit
984 3640 1233 3722 urbem,
1291 3662 1479 3726 quam
1528 3645 1818 3707 venalem
1874 3653 1936 3707 et
1991 3646 2372 3730 quandoque
2416 3647 2780 3727 perituram,

442 3749 496 3810 si
542 3748 865 3810 habuisset
899 3757 1243 3830 emptorem
1289 3748 1520 3811 frustra
1565 3752 1891 3826 cecinerat.

607 3872 665 3935 N
670 3891 1004 3956 egaveram
1042 3873 1140 3936 his
1178 3874 1335 3937 locis
1374 3874 1755 3956 scriptorum
1792 3874 1982 3937 verba
2021 3875 2337 3938 dissidere.
2409 3874 2572 3937 Nam
2611 3873 2780 3957 quod

429 3980 647 4063 regulo
695 3980 863 4064 apud
913 3988 1152 4043 ceteros
1189 3978 1507 4043 Massivae
1553 4000 1785 4043 nomen
1824 3987 1934 4063 est,
1981 3982 2150 4064 apud
2187 3982 2394 4046 solum
2433 3966 2779 4045 Diodorum

430 4085 802 4168 Iugurthae,
857 4087 1022 4150 hanc
1078 4075 1563 4170 discrepantiam
1620 4087 1788 4151 haud
1846 4089 1974 4151 scio
2032 4109 2112 4151 an
2158 4099 2324 4153 recte
2370 4088 2775 4151 iudicaverim

430 4194 518 4255 ita
565 4198 764 4255 ortam
811 4212 964 4277 esse,
1015 4200 1084 4257 ut
1131 4192 1516 4258 Posidonius
1562 4195 1696 4277 ipse
1745 4196 2021 4279 quidem,
2066 4201 2401 4280 postquam
2441 4194 2781 4259 Massivam
