3217 4900
1314 350 1397 364 .....
1490 314 1581 377 43,
1669 347 1753 360 ..-

1455 492 1615 576 §a

539 619 674 684 Iam
730 621 1069 684 dicendum
1117 626 1211 683 est
1258 619 1334 681 de
1382 618 1707 682 Plutarchi
1755 615 2000 684 Sullae
2047 616 2358 701 capitibus
2402 617 2606 701 primo
2651 623 2716 679 et

364 729 660 792 secundo.
771 729 985 812 Atque
1032 726 1270 811 primo
1320 727 1575 809 quidem
1622 725 1856 809 capite
1902 726 2093 788 fontis
2141 724 2364 789 Graeci
2411 725 2711 805 originem

362 841 576 918 patere
632 828 761 896 sibi
808 835 1119 918 persuasit
1178 832 1598 896 Arnoldius
1656 832 1694 895 l.
1741 832 1779 895 l.
1827 852 1883 916 p.
1928 831 2081 912 127,
2136 851 2278 894 cum
2339 829 2715 893 Plutarchus

365 942 534 1006 mille
592 941 710 1004 HS
767 941 847 1003 ad
894 942 1140 1004 nummi
1189 939 1409 1002 Graeci
1456 940 1767 1003 rationem
1815 957 2142 1002 revocasse
2186 958 2314 1002 non
2361 940 2443 1000 sit
2492 944 2713 1020 putan-

365 1049 499 1112 dus.
593 1047 717 1113 Sed
774 1068 889 1111 cur
945 1049 1032 1110 ita
1088 1046 1452 1125 arbitretur,
1509 1045 1750 1108 nullam
1812 1044 1989 1108 affert
2031 1064 2287 1109 causam
2336 1044 2713 1122 Arnoldius3

363 1174 557 1219 sensu
603 1156 799 1238 igitur
842 1175 969 1220 non
1018 1155 1170 1217 satis
1217 1154 1492 1216 dilucido
1539 1171 1749 1235 neque
1797 1171 2096 1236 expresso
2143 1152 2370 1215 ductus
2408 1151 2717 1213 iudicium

362 1261 527 1323 fecit.
620 1264 720 1324 Ac
764 1280 877 1344 per
922 1262 1040 1324 hoc
1088 1252 1344 1344 quidem
1391 1261 1602 1343 ipsum
1649 1258 1761 1322 illa
1807 1261 2117 1323 sententia
2162 1259 2343 1322 cadit.

543 1367 778 1431 Tamen
835 1389 947 1433 ex.
976 1370 1128 1453 ipsis
1176 1367 1502 1430 Plutarchi
1562 1367 1711 1430 vitis
1758 1367 1964 1429 evinci
2007 1372 2211 1450 potest
2256 1366 2531 1428 calculos
2577 1364 2718 1426 illos

365 1476 630 1538 minime
667 1474 1004 1538 abhorrere
1044 1496 1079 1538 a
1119 1474 1445 1538 Plutarchi
1480 1475 1757 1556 ingenio.
1827 1471 1988 1535 Nam
2031 1473 2329 1555 quoniam
2370 1470 2419 1534 F
2421 1471 2514 1534 ab.
2555 1471 2717 1534 Max.

364 1602 415 1645 c.
454 1583 497 1645 4
544 1583 859 1646 artissime
905 1583 1180 1646 concinit
1227 1601 1371 1645 cum
1410 1579 1546 1644 Liv.
1585 1578 1809 1660 XXII,
1862 1581 1961 1661 10,
2010 1581 2132 1660 31),
2179 1585 2434 1663 apparet
2471 1577 2718 1641 Plutar-

363 1690 554 1753 chum
601 1690 808 1774 ipsum
856 1689 1049 1752 fontis
1098 1686 1309 1752 Latini
1356 1707 1653 1752 numeros
1700 1687 1778 1750 ad
1827 1687 2103 1750 calculos
2149 1687 2486 1748 vocavisse.

843 1898 1008 1952 Plut.
1363 1930 1369 1936 -
2093 1897 2227 1951 Liv.

478 2001 797 2075 Προελθὼν
825 2001 885 2058 δὲ
913 1997 943 2057 ὃ
967 2001 1250 2074 δικτάτωρ
1279 2002 1360 2069 εἰς
1388 1999 1488 2059 τὸν

367 2088 538 2164 ὄχλον
575 2086 781 2158 εὔξατο
820 2100 937 2156 τοῖς
967 2095 1127 2157 θεοῖς
1166 2089 1487 2147 ἐνιαυτοῦ
1706 2093 1869 2161 quod
1895 2108 2013 2145 ver
2037 2090 2345 2145 attulerit
2381 2107 2459 2144 ex
2496 2090 2719 2157 suillo,

365 2180 491 2249 μὲν
528 2179 745 2252 αἰγῶν
781 2183 896 2236 καὶ
948 2183 1126 2235 συῶν
1163 2183 1279 2234 καὶ
1323 2176 1486 2249 πρό·
1596 2180 1826 2249 ovi110,
1874 2184 2170 2250 caprinO,
2227 2180 2476 2235 bovillo
2521 2196 2718 2249 grege

365 2266 595 2341 βάτων
667 2272 782 2323 καὶ
865 2272 1047 2338 βοῶν
1123 2264 1480 2340 ἐπιγονήν,
1597 2286 1839 2339 quaeque
1879 2270 2103 2339 profana
2139 2272 2312 2337 erunt,
2360 2269 2506 2322 Jovi
2542 2269 2702 2322 fieri

367 2351 507 2426 ὅσην
561 2354 795 2422 Ἰταλίας
851 2351 955 2427 ὄρη
1014 2359 1109 2410 καὶ
1166 2358 1334 2412 πεδία
1389 2360 1484 2411 καὶ

367 2450 615 2514 ποταμοὶ
689 2450 784 2500 καὶ
845 2450 1120 2514 λειμῶνες
1184 2443 1263 2510 εἰς
1326 2434 1485 2516 αῗραν

369 2534 648 2606 ἐσομένην
688 2533 999 2605 θρέψουσι,
1045 2531 1485 2591 καταθύσειν

368 2615 860 2688 ἇ’παντα,θὲας
898 2622 968 2679 δὲ
1004 2620 1347 2690 μουσικὰς
1371 2627 1485 2678 καὶ
1702 2629 1731 2694 ξ
1782 2629 1830 2680 7.
1907 2627 2151 2682 eiusdem
2214 2627 2293 2680 rei
2354 2642 2515 2680 causa
2583 2625 2721 2679 ludi

371 2710 757 2782 θυμελικὰς
794 2706 989 2778 ἄξειν
1026 2709 1165 2768 ἀπὸ
1204 2730 1485 2783 σηστερ-
1594 2716 1809 2784 magni
1856 2715 1993 2769 voti
2027 2716 2203 2769 aeris
2238 2715 2566 2769 trecentis
2599 2715 2719 2767 tri-

372 2805 534 2859 τίων
610 2802 1033 2873 τριακοσίων
1107 2803 1487 2876 τρίακοντα
1595 2803 1779 2872 ginta
1831 2804 2047 2858 tribus
2095 2803 2358 2857 milibus
2395 2796 2721 2859 trecentis

378 2898 586 2964 τριῶν
633 2894 748 2945 καὶ
805 2892 1156 2961 δηναρίων
1211 2908 1487 2960 τριακο-
1597 2892 1880 2962 triginta
1916 2892 2130 2946 tribus
2167 2893 2433 2946 triente.

381 2984 541 3037 σίων
570 2976 956 3050 τριάκοντα
986 2981 1197 3050 τριῶν
1220 2973 1317 3033 ἔτι
1350 2997 1490 3049 τρι-

376 3070 710 3140 τημορίου
773 3064 1179 3138 προσόντος.
1280 3070 1495 3123 Τοῦτο

372 3158 444 3215 τὸ
485 3152 878 3228 κεφάλαιόν
917 3153 1108 3211 ἐστιν
1156 3152 1339 3211 ὀκτὼ
1378 3176 1494 3224 μυ-

372 3245 980 3318 ριάδες-,δραχμῶν
1027 3248 1141 3299 καὶ
1201 3248 1497 3316 δραχμαὶ

370 3335 753 3406 τρισχίλιαι
796 3329 1259 3389 πεντακόσιαι
1298 3330 1496 3405 ὀγδο-

371 3420 628 3494 ήκοντα
676 3431 865 3493 τρεῖς
911 3426 1027 3478 καὶ
1074 3418 1195 3479 δίο
1233 3420 1496 3494 ὀβολοί·

549 3638 841 3703 Ceterum
890 3660 1040 3703 cum
1088 3643 1156 3703 in
1195 3640 1474 3725 vitarum
1510 3641 1851 3725 prooemiis
1887 3639 2357 3703 conscribendis
2391 3646 2720 3724 poetarum

373 3746 644 3828 quadam
684 3746 954 3809 *licentia
1006 3745 1424 3810 Plutarchum
1481 3766 1671 3810 usum
1728 3764 1863 3809 esse
1917 3750 2143 3809 notum
2190 3747 2297 3827 sit,
2353 3745 2724 3809 difficillima

369 3852 644 3917 fontium
707 3857 801 3916 est
848 3855 1160 3936 quaestio,
1217 3871 1707 3936 caveamusque,
1762 3871 1843 3915 ne
1890 3853 1956 3914 in
2007 3852 2260 3915 dumeta
2306 3871 2721 3935 correpamuS.

370 3957 595 4042 Neque
642 3961 809 4023 enim
857 3959 1009 4022 satis
1044 3958 1227 4023 firma
1265 3964 1638 4044 argumenta
1674 3958 1895 4022 afferre
1929 3978 2289 4042 possumuS,
2336 3978 2721 4043 quamquam

371 4083 453 4127 ex
510 4061 692 4154 λίτρα
769 4084 922 4130 voce
996 4066 1227 4149 aliquis
1304 4068 1659 4151 suspicetur
1724 4064 2018 4129 Latinum
2095 4065 2411 4149 quendam
2487 4065 2722 4128 fontem

552 4241 590 4308 ¹)
634 4241 703 4294 cf.
741 4241 905 4296 Peter
940 4241 974 4295 l.
1013 4241 1047 4294 l.
1087 4257 1136 4310 p.
1177 4240 1260 4295 52.
