3217 4900
1544 1473 1659 1568 II.

437 1708 646 1799 Quos
699 1705 982 1788 fontes
1032 1705 1536 1787 Plutarchus
1588 1707 1677 1786 in
1729 1706 1941 1786 Mari
1991 1706 2416 1805 capitibus
2464 1705 2663 1786 inde
2721 1726 2776 1786 a

424 1853 707 1950 primo
748 1868 1012 1948 usque
1053 1848 1164 1929 ad
1201 1854 1565 1942 sextum,
1605 1848 1695 1927 in
1724 1846 2003 1929 Sullae
2034 1848 2462 1949 capItibus
2490 1848 2772 1946 primo

1066 1995 1156 2072 et
1210 1990 1581 2071 secundo
1641 1990 2151 2071 adhibuerit.

1442 2221 1762 2231 ———-———

511 2430 517 2441 ·
606 2417 919 2493 Quoniam
954 2425 1121 2481 certa
1155 2417 1460 2501 quaedam
1489 2416 1970 2501 argumentandi
1996 2416 2405 2481 fundamenta
2429 2417 2777 2502 posuimus,

425 2545 613 2610 quos
658 2525 906 2589 fontes
945 2524 1403 2589 Plutarchus
1448 2527 1524 2587 in
1564 2523 1754 2588 Mari
1799 2523 2183 2609 capitibus
2228 2524 2403 2588 inde
2444 2545 2480 2588 a
2524 2521 2771 2608 primo

424 2651 668 2716 usque
714 2633 800 2696 ad
849 2639 1174 2713 sextum,
1219 2633 1294 2694 in
1334 2630 1592 2696 Sullae
1639 2631 2021 2714 capitibus
2059 2632 2297 2715 primo
2334 2637 2406 2695 et
2441 2632 2775 2695 secundo

427 2739 893 2823 adhibuerit,
940 2759 1252 2803 eruamus

1526 2932 1685 3018 §1-

606 3064 703 3123 Ac
739 3058 916 3125 Mari
955 3060 1170 3142 caput
1201 3058 1512 3142 primum
1555 3078 1589 3121 e
1624 3056 2037 3121 Posidonio
2075 3058 2414 3121 oriundum
2455 3077 2591 3121 esse
2629 3078 2774 3122 cum

436 3167 549 3229 viri
596 3168 763 3231 docti
813 3168 936 3229 iam
989 3166 1094 3229 diu
1145 3185 1227 3229 ex
1274 3167 1473 3250 ipsius
1520 3164 1845 3228 Plutarchi
1890 3164 2100 3228 verbis
2146 3163 2593 3246 intellexerint,
2638 3170 2773 3228 tum

431 3273 840 3338 Posidonium
898 3273 1078 3337 initio
1141 3275 1542 3337 historiarum
1591 3292 1850 3336 suarum
1902 3273 1979 3335 de
2023 3269 2454 3334 Romanorum
2503 3273 2774 3333 nomini-

426 3380 548 3445 bus
597 3383 863 3465 propriis
908 3381 1113 3444 fusius
1162 3381 1515 3463 disputasse
1561 3380 1837 3444 ostendit
1874 3378 2307 3459 Bauerusss)
2359 3376 2482 3439 Sed
2529 3383 2773 3440 tantum

427 3487 621 3569 abest,
660 3499 730 3550 ut
766 3487 1142 3550 Plutarchus
1183 3488 1446 3549 verbum
1484 3506 1598 3570 pro
1638 3487 1831 3550 verbo
1863 3485 2220 3565 reddiderit,
2260 3490 2331 3546 ut
2368 3481 2774 3547 Posidonium

297 3600 304 3604 “
427 3594 712 3658 refellere
761 3600 1023 3657 conatus
1072 3595 1167 3656 sit.
1240 3591 1640 3676 Quamquam
1687 3593 1867 3656 illum
1909 3591 2075 3654 male
2111 3609 2426 3674 pugnasse
2466 3591 2607 3673 quis
2644 3609 2771 3653 non

428 3700 662 3761 sentit?
736 3699 796 3762 M
816 3719 851 3762 o
864 3720 924 3762 m
939 3720 999 3762 m
1015 3720 1046 3763 s
1062 3702 1184 3763 eni
1209 3702 1373 3763 enim
1402 3698 1876 3783 quaestionibus
1895 3697 2257 3780 Romanis2)
2280 3698 2776 3761 demonstratum

428 3812 523 3869 est
581 3825 958 3889 praenomen
1022 3825 1089 3869 re
1150 3826 1300 3870 vera
1358 3807 1554 3870 fuisse
1619 3824 1847 3870 nomen
1907 3806 2259 3890 proprium,
2322 3817 2392 3867 ut
2451 3802 2776 3867 Posidonii

434 3904 635 3995 ὄνομα
692 3906 904 4000 κύριον
958 3922 1347 3994 convertam,
1405 3931 1754 3996 cognomen
1811 3912 1903 3975 nil
1949 3913 2073 3975 nisi
2119 3912 2475 3996 appositum
2522 3911 2653 3990 vel,
2706 3917 2778 3973 ut

613 4087 650 4155 ¹)
687 4088 788 4141 Ad.
825 4088 1019 4155 Bauer,
1069 4089 1426 4142 Poseidonios
1472 4088 1591 4142 und
1628 4087 1891 4141 Plutarch
1937 4088 2070 4141 iiber
2103 4093 2244 4140 rb'm.
2283 4087 2682 4156 Eiyennamen,
2723 4086 2773 4138 in

430 4156 615 4210 Philol.
656 4158 790 4212 Nov.
831 4159 943 4213 Ser.
983 4159 1084 4212 vol.
1123 4160 1152 4213 I
1190 4160 1371 4228 (1889)
1408 4177 1458 4228 p.
1497 4159 1619 4212 242.

610 4229 649 4296 2)
686 4229 879 4284 Theod.
907 4231 1220 4299 Mommsen,
1259 4231 1416 4285 Ram.
1450 4229 1853 4298 Forachurzycn,
1891 4229 2077 4283 Berlin
2106 4231 2261 4298 1864,
2288 4229 2390 4283 vol.
2417 4229 2445 4283 Ι
2469 4246 2521 4297 p.
2549 4229 2583 4280 4
2610 4236 2664 4280 et
2689 4229 2773 4282 43.
