3217 4900
1256 341 1335 353 ..
1429 305 1515 369 49
1611 342 1691 357 -.

482 500 533 543 a.
581 481 735 564 Alt,
780 481 855 546 do
892 480 1271 565 phthiriasi.
1319 479 1555 547 Comm.
1600 485 1816 569 inaug.
1863 483 2094 567 pathol.
2143 483 2404 549 Bonnae
2454 485 2646 551 1824.

372 651 376 657 ’
480 657 537 720 b.
587 656 844 740 Klose,
890 679 937 723 8.
977 680 1036 722 V.
1065 658 1464 744 phthiriasis
1500 662 1566 724 in
1605 659 1856 725 Erschii
1894 668 1955 725 et
1994 661 2264 727 Gruberi
2301 661 2642 747 Encyclop.

676 763 921 850 Lipsiae
970 766 1157 830 1850.

478 964 528 1006 c.
577 942 1039 1028 Husemanu,
1081 942 1246 1027 ,min
1294 943 1558 1029 Βοῦνος]
1603 966 1732 1009 zur
1776 944 1981 1011 Lehre
2025 946 2137 1011 der
2178 968 2390 1028 seyen.
2437 947 2645 1014 Phthf

276 1089 310 1123 v
679 1053 741 1114 in
808 1051 1179 1134 ,Zeitschrift
1239 1052 1351 1117 der
1406 1052 1465 1116 k.
1521 1052 1580 1116 k.
1640 1051 2052 1117 Gesellschaft
2109 1054 2222 1116 der
2277 1057 2505 1118 Aerzte
2561 1075 2643 1117 zu

683 1156 901 1222 Wien‘.
987 1157 1160 1242 (Red.
1207 1157 1443 1241 Hebra)
1489 1157 1642 1243 XII,
1689 1158 1876 1223 Wien
1930 1160 2120 1241 1856,
2165 1180 2223 1243 p.
2269 1161 2643 1224 497--533.

479 1339 535 1400 d.
585 1335 801 1404 Leon.
847 1335 1200 1420 Landois,
1257 1336 1988 1420 ‚Histmisch-kvitische
2058 1337 2641 1421 Untereuelmnqen

691 1443 853 1509 iiber
895 1444 998 1509 die
1035 1444 1459 1511 Ldusesuckff
1501 1447 1569 1508 111
1618 1444 1992 1527 ,Zeitschrift
2033 1445 2139 1509 fiir
2184 1446 2644 1510 wissenschaft-

690 1551 854 1619 liche
898 1550 1208 1636 Zoologie‘
1253 1551 1436 1626 XIV,
1481 1551 1739 1637 Leipzig
1789 1552 1979 1633 1864,
2021 1573 2080 1636 p.
2130 1552 2409 1615 27-41.

479 1730 570 1794 Ut
627 1728 698 1794 G.
732 1728 1001 1794 Franci
1045 1731 1120 1795 de
1155 1730 1537 1814 phthiriasi,
1584 1731 1805 1795 morbo
1843 1730 2214 1815 pediculari
2259 1730 2541 1794 libellum
2590 1751 2642 1794 a.

309 1839 421 1901 167
431 1840 475 1901 8
525 1836 983 1921 Heidelbergae
1039 1838 1276 1901 editum
1333 1838 1595 1913 adirem,
1653 1838 1809 1900 mihi
1866 1857 1992 1902 non
2049 1839 2338 1921 contigit:
2397 1837 2506 1900 sed
2562 1857 2644 1900 ex

294 1946 570 2026 iudiciis,
609 1963 770 2028 quae
807 1946 929 2007 viri
967 1945 1132 2008 docti
1165 1943 1350 2008 modo
1382 1946 1851 2009 commemorati
1891 1945 2192 2027 fecerunt,
2242 1944 2447 2008 elucet
2490 1963 2644 2027 opu·

292 2053 552 2116 sculum
584 2051 743 2115 illud
778 2050 1177 2115 obsolevisse.
1250 2052 1407 2115 Alti
1449 2072 1704 2136 quoque
1742 2053 2229 2135 disputationem
2270 2050 2644 2114 Landoisius

288 2181 358 2246 p.
395 2159 481 2222 39
514 2179 605 2242 sq.
641 2158 943 2240 dissolvit,
981 2161 1092 2242 qui
1123 2161 1394 2242 speciem
1425 2158 1699 2243 pediculi
1732 2158 2187 2223 tabescentium
2219 2160 2347 2222 Alt.
2380 2159 2641 2222 eandem

291 2285 437 2330 esse
493 2271 684 2348 atque
736 2266 1010 2349 pediculi
1066 2266 1427 2329 vestimenti
1486 2268 1965 2345 demonstravit3
2024 2284 2142 2329 nec
2196 2285 2322 2328 non
2371 2271 2641 2350 praeter-

290 2374 610 2436 mittimus
649 2371 1024 2456 Klosium,
1072 2375 1183 2457 qui
1223 2375 1354 2436 Alti
1392 2375 1661 2457 speciem
1701 2375 1839 2436 sine
1880 2373 2007 2436 ulla
2045 2371 2433 2436 dubitatione
2470 2391 2642 2436 acce-

293 2481 479 2565 perit,
526 2482 636 2564 qui
681 2482 1168 2564 generationem,
1216 2502 1403 2565 quam
1453 2488 1684 2545 vocant
1729 2483 2156 2565 aequivocam,
2202 2500 2329 2544 non
2369 2486 2644 2543 contem-

296 2596 424 2651 nat.
498 2587 725 2658 Melius
762 2591 825 2651 in
870 2608 937 2651 re
973 2595 1262 2651 versatus
1299 2594 1392 2652 est
1427 2587 1998 2670 HusemannuS,
2046 2590 2156 2672 qui
2194 2608 2318 2650 non
2358 2587 2466 2650 ille
2505 2589 2644 2670 qui-

301 2698 443 2759 dem
481 2675 776 2769 morbum
794 2695 977 2759 illum
1008 2696 1299 2778 inveniri,
1338 2696 1446 2759 sed
1478 2715 1589 2779 per
1621 2714 1687 2759 se
1718 2698 1927 2779 ipsum
1960 2695 2168 2759 solum
2188 2696 2337 2758 oriri
2367 2695 2643 2779 negavit.

308 2802 406 2865 Ex
456 2805 597 2867 eius
644 2821 827 2886 opere
874 2804 1086 2866 minus
1133 2812 1421 2866 accurate
1465 2802 1627 2866 lecto
1676 2803 1959 2886 suspicor
2002 2821 2329 2887 perversas
2377 2800 2643 2864 Momm-

317 2911 443 2971 seni
491 2918 555 2974 et
610 2916 963 2973 ceterorum
1019 2914 1362 2974 sententias
1418 2911 1721 2973 oriundas
1781 2929 1934 2975 esse.
2029 2908 2278 2992 Optime
2325 2926 2474 2971 vero
2521 2910 2647 2990 egit

310 3013 793 3100 Landoisius,
852 3019 961 3101 qui
1007 3039 1063 3102 p.
1118 3018 1196 3080 37
1247 3005 1708 3101 sqſjpediculos
1756 3017 1909 3079 adeo
1957 3018 2176 3100 augeri
2220 3033 2402 3099 posse
2450 3014 2644 3095 docet,

301 3132 369 3187 ut
405 3124 699 3188 homines
737 3129 1045 3208 sanguine
1082 3123 1283 3188 multo
1322 3126 1552 3188 amisso
1585 3122 1889 3187 debilitati
1923 3124 2276 3186 moriantur
2310 3120 2489 3184 nullo
2521 3121 2644 3184 alio

294 3231 521 3294 morbo
568 3231 796 3295 addito.

479 3355 705 3440 Itaque
760 3376 840 3420 ne
896 3359 1094 3424 nostri
1151 3359 1407 3442 quidem
1463 3358 1602 3421 aevi
1657 3357 1885 3420 medici
1941 3373 2076 3419 esse
2121 3353 2416 3417 morbum
2461 3352 2644 3417 illum

300 3468 732 3528 taeterrimum
785 3464 1166 3546 infitiantur,
1220 3485 1347 3529 non
1405 3472 1556 3530 sunt
1600 3484 1835 3548 nugae,
1892 3481 2054 3546 quae
2099 3467 2462 3542 narrantur,
2517 3481 2641 3525 non

305 3574 592 3657 ineptiae.
694 3575 910 3657 Atque
964 3573 1113 3637 inde
1168 3573 1245 3635 ab
1302 3572 1644 3636 Aristotele
1700 3589 1904 3655 usque
1959 3570 2035 3632 ad
2099 3570 2269 3632 hunc
2325 3569 2490 3632 diem
2544 3569 2647 3630 hic

304 3680 433 3745 illic
493 3683 780 3746 homines
834 3681 1053 3744 morbo
1109 3680 1219 3743 illo
1274 3685 1536 3743 vexatos
1592 3698 1728 3752 esse
1783 3685 1973 3760 atque
2030 3679 2249 3740 vexari
2302 3677 2425 3739 viri
2481 3676 2644 3738 docti

305 3794 631 3853 testantur.
735 3786 904 3864 Quin
951 3790 1142 3852 etiam
1185 3788 1318 3872 ipse
1365 3785 1418 3849 P
1429 3787 1861 3866 osidoniuS,
1918 3785 2144 3868 ,gravis
2190 3783 2297 3846 ille
2344 3782 2642 3865 scriptor‘,

306 3895 606 3961 Eunoum
642 3894 949 3980 pediculis
988 3913 1310 3958 comesum
1347 3913 1483 3957 esse
1519 3892 1794 3974 exhibet,
1840 3891 2153 3975 siquidem
2193 3888 2509 3951 Diodorus
2546 3907 2645 3951 res

307 4005 383 4067 ad
432 4003 596 4068 bella
643 4002 897 4067 servilia
934 4004 999 4065 111
1040 4001 1253 4065 Sicilia
1289 4006 1465 4083 gesta
1501 4002 1887 4085 pertinentes
1925 4018 1959 4062 e
1998 3997 2336 4060 Posidonio
2375 3995 2644 4078 descrip-

307 4114 414 4174 sit:
468 4109 649 4174 Diod.
698 4112 812 4193 34,
866 4112 917 4174 1.
958 4111 1040 4172 23
1091 4108 1236 4188 (vol.
1274 4108 1330 4167 V
1361 4128 1418 4191 p.
1470 4109 1599 4185 92):
1647 4105 1760 4172 καὶ
1805 4102 2215 4193 παραδοθεὶς
2268 4092 2331 4187 (ὁ
2384 4095 2637 4179 Εὔνους)

304 4213 396 4298 εἷς
449 4211 762 4309 φυλακήν,
820 4216 933 4284 καὶ
988 4217 1098 4286 τοῦ
1154 4208 1449 4303 σώματος
1503 4206 1696 4280 αὐτοῦ
1749 4209 2169 4291 διαλυθέντος
2220 4204 2310 4290 εἰς
2364 4208 2650 4300 φθειρῶν
