3217 4900
1370 273 1810 336 -31.-

603 451 657 514 1.
703 446 884 526 Quod
934 449 1012 514 ad
1059 468 1164 514 eas
1209 468 1310 515 res
1356 451 1644 534 pertinet,
1690 469 1854 533 quae
1891 448 2151 514 Sallusti
2196 449 2506 534 capitibus
2549 449 2762 514 1—86

416 561 786 639 narrantur,
847 576 1064 621 omnes
1131 558 1462 641 scriptores
1526 560 1763 642 optime
1827 564 2211 641 congruunt3
2273 557 2761 641 differentiarum

416 665 759 729 tenuitates
819 665 1040 748 siquae
1100 665 1332 728 adsunt
1401 683 1483 728 ex
1554 665 2061 747 uniuscuiusque
2127 666 2389 728 consilio
2453 663 2765 728 scribendi

420 772 895 856 explicavimus.

597 881 656 943 2.
703 877 1042 942 Difficilius
1098 883 1194 942 est
1248 878 1325 942 de
1371 878 1631 943 Sallusti
1685 877 1999 961 capitibus
2058 879 2404 943 102-113
2460 879 2764 942 iudicium

415 986 594 1051 ferre.
687 983 849 1049 Nam
915 1004 1300 1069 quamquam
1350 1004 1569 1049 omnes
1616 990 1903 1049 auctores
1950 984 2028 1048 ad
2077 984 2270 1049 verba
2317 985 2573 1070 quidem
2620 1003 2767 1049 con·

416 1093 658 1174 cinunt,
694 1096 903 1155 tamen
945 1090 1324 1157 Sallustium
1363 1092 1690 1155 nonnullis
1725 1093 1794 1154 in
1832 1091 2023 1155 rebus
2061 1112 2099 1155 a
2131 1090 2423 1175 Diodor0,
2460 1092 2768 1176 AppianO,

417 1198 597 1264 Livio
668 1200 999 1263 dissentire
1051 1219 1110 1282 p.
1183 1200 1268 1262 24
1342 1198 1935 1277 animadvertimus3
2030 1199 2109 1261 ad
2185 1217 2349 1283 quae
2422 1198 2768 1263 addiderim

419 1307 584 1390 apud
623 1306 995 1371 Sallustium
1036 1304 1257 1369 Manlii
1305 1308 1675 1387 orationem,
1719 1305 1888 1389 apud
1925 1306 2289 1389 Appianum
2327 1306 2541 1370 Sullae
2578 1307 2768 1369 omis—

422 1434 552 1477 sam
616 1432 756 1478 esse
828 1451 908 1461 -
979 1413 1044 1476 id
1111 1413 1283 1497 quod
1341 1411 1684 1496 Kuyperus
1740 1432 1798 1496 p.
1858 1413 1960 1493 14,
2017 1431 2132 1475 nos
2178 1432 2235 1495 p.
2285 1413 2366 1475 21
2436 1412 2769 1476 adumbra-

430 1523 645 1585 vimus.

592 1627 731 1692 Iam
793 1628 1111 1711 quomodo
1166 1627 1283 1690 hae
1339 1625 1603 1690 Sallusti
1659 1627 2054 1691 diversitates
2107 1627 2306 1691 factae
2373 1629 2527 1708 sint,
2591 1627 2769 1689 inda—

432 1735 697 1817 gandum
745 1739 854 1799 est.
921 1733 1052 1798 Suo
1096 1736 1236 1798 iure
1285 1732 1655 1798 Vitellius
1701 1754 1758 1817 p.
1800 1735 2149 1798 389—392
2189 1734 2403 1798 Sullae
2448 1751 2769 1797 commen-

428 1843 608 1905 tarios
664 1861 702 1904 a
748 1841 1046 1905 Sallustio
1102 1859 1152 1903 c.
1207 1840 1555 1905 105-113
1614 1841 1926 1905 adhibitos
1982 1860 2119 1905 esse
2175 1840 2524 1921 contendit3
2587 1841 2771 1903 cuius

425 1960 792 2031 argumenta
838 1951 925 2012 ita
963 1966 1195 2028 augere
1233 1948 1441 2027 velim,
1481 1955 1550 2012 ut
1587 1951 1776 2012 etiam
1814 1967 1864 2013 c.
1910 1949 2259 2011 102—104
2296 1947 2559 2012 Sullana
2596 1948 2770 2030 origo

420 2057 694 2139 pateat.1)
789 2056 887 2118 Ac
945 2057 1220 2138 primum
1271 2056 1525 2138 quidem
1576 2075 1627 2119 c.
1680 2057 1804 2119 102
1854 2054 2034 2120 Sulla
2079 2058 2426 2119 orationem
2473 2073 2770 2137 superva-

420 2181 677 2226 caneam
726 2168 789 2225 et
831 2164 1086 2226 inanem
1133 2160 1321 2225 habet
1366 2171 1583 2226 contra
1631 2181 1873 2226 morem
1919 2182 1992 2226 ac
2040 2162 2561 2226 consuetudinem
2610 2158 2771 2244 ('qui

421 2288 809 2353 quamquam
857 2270 1039 2332 acciti
1083 2268 1278 2351 ibant,
1326 2276 1533 2332 tamen
1574 2269 1813 2352 placuit
1860 2268 2050 2333 verba
2094 2270 2261 2353 apud
2299 2287 2510 2352 regem
2547 2265 2770 2330 facere'

421 2379 584 2459 etc.);
650 2395 842 2460 quam
898 2377 1246 2440 orationem
1303 2396 1634 2461 nunquam
1692 2376 1969 2440 habitam
2025 2377 2181 2439 mihi
2236 2378 2522 2462 persuasi
2577 2381 2638 2438 et
2692 2374 2769 2437 ad

420 2485 903 2567 praedicandam
935 2503 1116 2548 suam
1148 2484 1402 2548 laudem
1434 2505 1472 2548 a
1496 2483 1675 2549 Sulla
1705 2486 1768 2548 in
1798 2486 2264 2549 commentariis
2287 2483 2497 2547 fictam
2524 2501 2661 2546 esse
2687 2517 2772 2527 —

424 2592 489 2655 id
537 2591 707 2675 quod
753 2592 1002 2675 saepius
1047 2591 1209 2655 fecit.
1283 2589 1531 2654 Deinde
1576 2611 1629 2654 c.
1681 2591 1890 2672 104,2’
1937 2595 2175 2656 interea
2231 2592 2513 2655 indutiae
2558 2594 2772 2672 postu-

426 2698 734 2762 labantur.
800 2697 895 2762 Ea
932 2698 1158 2763 Sullae
1191 2705 1254 2760 et
1297 2699 1618 2781 plerisque
1661 2699 1975 2783 placuere,
2022 2702 2209 2782 pauci
2253 2698 2524 2761 ferocius
2563 2697 2773 2758 decer—

429 2812 614 2888 nunt,
668 2807 905 2869 scilicet
950 2808 1154 2889 ignari
1199 2824 1411 2868 rerum
1459 2803 1899 2869 humanarum'
1948 2807 2163 2871 Sullae
2219 2808 2417 2890 ipsius
2464 2802 2775 2868 sententia

432 2914 740 2996 expressis
787 2913 995 2976 verbis
1043 2914 1412 2990 declaratur,
1459 2915 1734 2977 aliorum
1772 2916 2115 2978 sententias
2162 2934 2244 2978 ex
2286 2913 2641 2997 ignorantia
2676 2927 2773 2971 re·

433 3039 569 3082 rum
609 3021 1031 3084 humanarum
1072 3027 1239 3084 ortas
1276 3040 1414 3084 esse
1454 3022 1723 3084 additur.
1764 3020 1828 3084 C.
1872 3022 2060 3104 105,2
2102 3041 2407 3085 numerus
2447 3026 2509 3082 et
2544 3035 2775 3100 genera

436 3126 696 3190 militum
745 3146 892 3191 cum
941 3126 1120 3191 Sulla
1166 3128 1489 3191 custodiae
1537 3147 1729 3191 causa
1766 3130 2104 3191 missorum
2142 3129 2296 3190 adeo
2336 3132 2624 3190 accurate
2662 3142 2774 3187 no-

428 3235 776 3316 minantur,
837 3242 907 3297 ut
957 3253 1039 3297 ex
1087 3236 1264 3298 ducis
1312 3236 1640 3298 cuiusdam
1690 3237 2156 3299 commentariis
2203 3242 2453 3318 sumpta
2501 3251 2636 3296 esse
2683 3232 2774 3294 vi-

429 3340 711 3405 deantur.
821 3340 1149 3405 Postremo
1214 3343 1313 3405 his
1378 3344 1531 3426 ipsis
1596 3342 1907 3426 capitibus
1971 3342 2281 3405 nonnulla
2344 3344 2776 3422 inveniuntur,

606 3554 646 3621 ¹)
686 3553 979 3607 Wirzius
1015 3553 1073 3607 in
1101 3554 1331 3607 editione
1356 3553 1586 3607 Jacobsii
1612 3554 1870 3624 (Berolini
1897 3555 2054 3621 1886)
2081 3555 2215 3608 haec
2240 3556 2480 3607 annotat:
2521 3569 2565 3606 c.
2597 3551 2716 3618 102,
2744 3553 2775 3605 3

427 3626 572 3691 „Ans
610 3624 1037 3679 verschiedenen
1072 3625 1383 3678 Anzeichen
1422 3625 1628 3695 ergiebt
1664 3627 1795 3694 sich,
1842 3628 1972 3680 dass·
2009 3642 2116 3679 von
2151 3625 2271 3679 hier
2307 3624 2372 3678 ab
2407 3622 2776 3678 vomehmlich

426 3694 596 3749 Sullas
635 3697 1002 3750 commentarii
1048 3712 1231 3750 rerum
1273 3699 1545 3766 gestarum
1591 3697 1669 3751 als
1717 3697 1904 3764 Quelle
1954 3698 2173 3751 benutzt
2216 3697 2388 3751 sind.“
2463 3713 2507 3749 c.
2550 3694 2669 3761 102,
2711 3696 2775 3747 15

428 3766 562 3832 „Die
600 3766 905 3837 Erz‘ahlimg
938 3768 1011 3822 ist
1045 3768 1165 3820 hier
1199 3769 1311 3821 und
1354 3768 1429 3820 im
1466 3768 1789 3837 Folgenden,
1836 3768 2022 3823 soweit
2066 3768 2216 3821 nicht
2252 3767 2398 3821 Sulla
2430 3769 2505 3820 im
2542 3766 2775 3818 Vorder-

427 3838 600 3904 grund
635 3839 747 3891 und
782 3838 869 3892 die
906 3838 1285 3907 Hauptperson
1328 3839 1415 3906 ist,
1462 3855 1595 3908 ganz
1645 3840 2012 3906 summarisch,
2058 3840 2202 3893 dann
2248 3839 2376 3893 aber
2419 3857 2512 3892 um
2557 3852 2613 3890 so
2662 3836 2775 3889 ein-

427 3909 703 3976 gehender
735 3911 846 3963 und
884 3909 1341 3965 anschaulicher.“
1415 3927 1462 3978 c,
1506 3911 1624 3974 103,
1663 3915 1695 3965 5
1735 3913 1849 3979 „uti
1885 3912 2064 3966 meriti
2101 3913 2279 3965 erant:
2341 3912 2440 3964 der
2474 3909 2595 3963 Satz
2632 3907 2777 3977 giebt

428 3980 579 4033 nicht
613 3981 707 4034 das
745 3981 918 4035 Urteil
958 3982 1054 4035 des
1093 3981 1711 4036 Geschichtsschreibers
1748 3985 1963 4051 wieder,
2010 3984 2243 4037 sondern
2281 3981 2620 4048 rechtfertigt
2655 3995 2776 4031 vom

432 4049 799 4120 Standpunkte
826 4052 998 4106 Sullas
1036 4068 1130 4105 aus
1167 4054 1362 4106 dessen
1386 4053 1708 4121 Verfahren,
1747 4055 1841 4108 das
1879 4055 2014 4108 auch
2050 4053 2283 4123 getadelt
2321 4054 2537 4106 werden
2562 4052 2775 4115 konnte,

429 4122 609 4176 indem
655 4139 717 4177 er
761 4123 878 4178 sich
921 4124 1020 4177 mit
1064 4124 1299 4192 Lenten,
1344 4125 1431 4179 die
1482 4125 1678 4179 ebenso
1724 4128 1820 4196 gut
1866 4126 2204 4180 Abenteurer
2248 4125 2377 4178 oder
2421 4124 2613 4195 Spione
2661 4121 2777 4174 sein

430 4191 681 4263 konnten,
719 4195 906 4248 soweit
941 4194 1273 4265 eingelassen
1308 4195 1499 4252 habe.“
