3217 4900
1335 300 1772 366 ...41-

379 478 730 566 scripturus
787 487 976 564 esset,
1041 483 1312 567 pueritia
1377 482 1931 567 adulescentiaque
1989 482 2148 547 Mari
2213 484 2277 547 in
2342 482 2516 548 brevi
2575 504 2723 550 con·-

378 594 596 673 spectu
640 588 970 675 ponendae
1016 595 1210 666 erant,
1250 588 1608 670 Plutarcho,
1654 595 1728 652 ut
1771 592 2044 654 vitarum
2083 593 2391 676 scriptori,
2434 591 2724 677 pluribus

382 694 594 758 verbis
637 695 1126 780 persequendae.
1197 695 1421 780 Itaque
1465 696 1573 759 ille
1620 716 1902 760 summas
1947 717 2047 761 res
2093 701 2315 782 attigit,
2360 700 2464 762 hic
2508 702 2724 783 singu-

378 801 471 865 las
516 821 619 865 res
665 804 978 886 copiosius
1025 802 1382 887 explicavit.

557 906 776 992 Capite
817 915 1061 993 quarto,
1106 910 1161 972 si
1200 909 1561 973 discesseris
1597 908 1678 973 ab
1717 911 1916 991 initio,
1961 929 2106 974 cum
2149 912 2324 976 nulla
2358 931 2513 975 ansa
2546 931 2724 997 prae-

378 1013 619 1097 beatur,
666 1016 835 1079 unde
878 1015 1115 1079 fontem
1163 1016 1643 1097 investigemuS,
1686 1016 1921 1100 capite
1958 1018 2213 1103 quinto
2252 1020 2529 1082 maxima
2564 1021 2728 1083 inter

382 1118 786 1185 Plutarchum
835 1127 896 1185 et
947 1121 1082 1185 Val.
1131 1121 1292 1185 Max.
1335 1121 1445 1202 VI,
1498 1123 1555 1217 9,
1606 1123 1689 1185 14
1735 1124 2066 1187 intercedit
2110 1124 2476 1188 similitud0.

855 1296 1022 1369 Plut.
1996 1315 2131 1369 ναι.
2169 1316 2332 1370 Max.

503 1424 753 1492 Υστερον
789 1419 849 1474 δὲ
898 1416 965 1476 οὐ
1012 1424 1207 1496 πολλῷ
1258 1438 1495 1491 στρατη·
1710 1424 1993 1490 praeturae
2030 1424 2339 1478 candidatus

381 1510 508 1580 γίαν
542 1506 845 1577 μετελθὼν
888 1505 1085 1581 ὀλίγον
1131 1506 1367 1578 ἐδέησεν
1404 1504 1495 1563 ἐκ·

380 1605 595 1661 πεσεῖν,
647 1590 889 1667 ἔσχατος
924 1596 986 1653 δὲ
1023 1590 1253 1654 πάντων
1290 1595 1495 1667 ἀναγο-
1713 1614 1961 1668 supremo
1998 1601 2052 1653 in
2099 1600 2215 1655 loco
2261 1602 2514 1668 adhaesit,
2565 1619 2723 1670 quem

381 1689 612 1756 ρευθεὶς
649 1686 807 1757 δίκην
848 1680 977 1757 ἔσχε
1026 1685 1318 1753 δεκασμοῦ
1340 1726 1494 1739 .....
1604 1690 1787 1741 tamen
1840 1704 1949 1742 non
2004 1690 2119 1743 sine
2182 1690 2419 1758 periculo
2474 1690 2723 1744 obtinuit:

382 1769 459 1830 Οὔ
497 1772 612 1843 μὴν
638 1771 781 1830 ἀλλὰ
818 1784 941 1840 ταῖς
972 1771 1224 1847 πρώταις
1261 1768 1497 1843 ἡμέραις
1604 1776 1833 1830 ambitus
1888 1777 2030 1830 enim
2086 1781 2364 1833 accusatus
2417 1780 2510 1832 vix
2567 1784 2724 1847 atque

378 1859 439 1917 ἐν
475 1866 546 1934 τῇ
584 1865 711 1932 δίκῃ
748 1869 943 1930 κακῶς
992 1858 1259 1934 πράττων
1297 1856 1330 1917 ὃ
1370 1857 1494 1916 Μά-
1604 1881 1764 1933 aegre
1803 1864 2185 1920 absolutionem
2226 1867 2290 1920 ab
2327 1866 2588 1920 iudicibus
2625 1868 2725 1920 im-

380 1971 497 2019 ριος
552 1955 650 2007 καὶ
702 1956 980 2023 χαλεποῖς
1029 1948 1332 2024 χρώμενος
1386 1961 1505 2018 τοῖς
1593 1953 1841 2021 petravit.

377 2042 670 2105 δικασταῖς
708 2046 777 2111 τῇ
815 2042 1116 2116 τελευταίᾳ
1156 2035 1504 2111 παραλόγως

357 2120 674 2200 ’ἀπέφυγεν
720 2124 864 2184 ἴσων
909 2133 1026 2185 τῶν
1078 2125 1291 2200 ψήφων
1336 2148 1501 2201 γενο-

373 2217 580 2285 μένων.
628 2254 637 2262 ·

564 2379 814 2445 Rursus
860 2383 1053 2464 igitur
1099 2380 1478 2466 Plutarchus
1519 2389 1581 2445 et
1618 2382 1836 2446 Livius
1874 2384 2292 2463 consentiunt,
2336 2404 2558 2447 rursus
2595 2385 2724 2449 Po-

374 2488 662 2552 sidonii
701 2490 992 2565 historias
1030 2488 1108 2551 ab
1149 2495 1417 2571 utroque
1455 2490 1766 2573 inspectas
1805 2509 1941 2553 esse
1978 2490 2360 2554 censendum
2396 2503 2504 2561 est.
2540 2512 2724 2577 prop-

376 2601 543 2658 terea
576 2595 744 2679 quod
778 2593 959 2659 Diod.
994 2593 1200 2658 XXX
1213 2595 1281 2672 V,
1315 2596 1397 2658 38
1436 2595 1643 2658 verbis
1673 2591 1791 2673 τὰς
1819 2587 2278 2684 ὑποδεεστέρας
2307 2590 2506 2685 άρχάς
2533 2591 2727 2685 μόγις

375 2697 647 2789 εἰληφὼς
694 2702 1158 2765 demonstratur
1194 2701 1606 2766 Posidonium
1647 2697 2056 2765 'difficultates
2099 2702 2296 2767 Mario
2336 2706 2397 2766 in
2438 2706 2724 2788 petendis

379 2808 722 2872 honoribus
781 2817 949 2871 ortas
1005 2815 1102 2871 sat
1155 2810 1437 2891 cognitas
1498 2808 1807 2872 habuisse.
1912 2807 2318 2874 Narrationes
2373 2817 2581 2873 autem
2631 2813 2722 2874 ad

385 2913 717 2978 Cassium
768 2922 838 2979 et
874 2915 1348 2978 Herennium
1387 2919 1772 3000 pertinentes
1810 2915 2083 2980 fabulam
2125 2922 2187 2978 et
2223 2936 2574 2980 sermonem
2613 2917 2723 2981 ho-

386 3022 620 3084 minum
658 3024 928 3085 nimium
965 3022 1264 3103 redolent,
1302 3042 1493 3105 quam
1534 3029 1603 3084 ut
1644 3022 1980 3085 Posidonio
2019 3040 2124 3085 eas
2167 3024 2349 3086 velim
2388 3025 2716 3107 imputare.

552 3128 788 3195 Etiam
836 3128 1092 3214 capitis
1139 3130 1331 3195 sexti
1379 3130 1658 3192 ineuntis
1703 3128 1942 3191 fontem
1992 3128 2480 3192 Posidonium
2529 3130 2724 3196 fuisse

374 3235 715 3299 verisimile
762 3246 873 3316 est,
922 3237 1217 3319 quoniam
1269 3254 1352 3299 ex
1399 3233 1583 3298 Diod.
1612 3233 1689 3315 V,
1737 3236 1839 3310 34,
1890 3237 1926 3294 6
1991 3236 2022 3295 7
2074 3236 2496 3317 intellegimus
2547 3236 2721 3302 Posi-

375 3342 635 3404 donium
683 3361 826 3405 cum
878 3343 954 3406 de
999 3342 1339 3405 Hiberibus
1386 3343 1730 3425 scripsisse,
1777 3353 1916 3404 tum
1960 3341 2210 3406 illorum
2262 3344 2589 3405 latrocinia
2630 3344 2719 3406 di·

374 3453 536 3511 serte
583 3467 921 3512 enarrasse.
992 3448 1312 3533 Imprimis
1362 3467 1528 3532 quas
1576 3448 2009 3530 expeditiones
2055 3446 2323 3509 Romani
2371 3457 2587 3512 contra
2632 3450 2722 3513 la·

372 3560 586 3617 trones
641 3558 1059 3638 paravissent,
1117 3574 1262 3618 eum
1322 3558 1710 3638 quaesivisse
1766 3575 1847 3617 ex
1904 3557 1999 3617 his
2048 3553 2255 3617 verbis
2302 3555 2561 3618 dilucet:
2610 3553 2717 3622 διό

374 3659 483 3723 καὶ
527 3651 837 3744 ζΡωμαῖοι
889 3654 1210 3739 πολλάκις
1256 3653 1358 3724 ἐπ’
1403 3653 1629 3738 αἰτους
1666 3653 2155 3749 στρατεύσαντες
2191 3662 2299 3747 τῆς
2332 3659 2449 3744 μὲν
2484 3662 2724 3749 πολλῆς

373 3757 902 3870 καταφρονήσεως
931 3762 1306 3855 ἀπέστησαν
1329 3762 1571 3846 aizoi-‚g
1611 3764 1702 3845 εἷς
1738 3766 1917 3845 τέλος
1953 3765 2024 3831 δὲ
2063 3762 2140 3831 τοὶ
2185 3761 2485 3854 λῃστήρια
2517 3792 2721 3832 κατα-

373 3861 589 3939 λῦσαι
607 3869 923 3951 πολλάκις
958 3873 1496 3962 φιλοτιμηθέντες
1539 3865 1654 3939 οὐκ
1698 3866 2134 3972 ἠδυνήθησαν.
2647 3877 2652 3884 “

552 3979 783 4059 Restat,
829 3988 900 4044 ut
947 3982 1033 4044 de
1079 3982 1561 4045 matrimonio
1609 4001 1772 4044 cum
1815 3980 2032 4043 Iulia
2067 3957 2272 4042 iiiito
2296 3983 2366 4042 et
2404 3977 2491 4041 de
2530 3981 2717 4041 vaii-

375 4087 590 4150 cibus
636 4089 872 4151 sectis
920 4088 1317 4150 disseramus.
1412 4086 1596 4175 Quod
1644 4087 1806 4150 Plin.
1847 4086 1923 4150 N
1965 4086 2041 4148 H.
2086 4085 2206 4160 XI,
2265 4088 2393 4148 252
2445 4084 2717 4169 Oppium

375 4193 653 4256 eiusdem
705 4197 1093 4257 constantiae
1139 4200 1458 4257 auctorem
1507 4195 1741 4268 laudat,
1779 4193 2045 4257 Peterus
2092 4194 2128 4254 l.
2165 4193 2199 4254 l.
2232 4214 2288 4276 p.
2331 4189 2523 4255 105⁸*
2562 4193 2719 4254 forte
