3217 4900
1369 315 1810 379 ...35—

418 496 660 558 sincere
698 493 1032 576 collaudat,
1066 493 1737 558 nobiliummollitiem
1771 494 2050 576 ingenue
2081 493 2519 578 reprehendit?
2587 491 2765 556 Idem

424 600 658 665 Metelli
704 602 865 665 illud
911 602 1148 665 dictum
1196 600 1402 682 refert,
1440 601 1606 665 idem
1646 619 1774 664 non
1812 605 1942 664 tam
1985 600 2220 664 Metelli
2258 609 2321 664 et
2362 600 2537 682 Mari,
2577 619 2767 683 quam

420 706 765 771 nobilitatis
812 712 876 771 et
919 706 1120 791 plebis
1165 708 1362 772 fuisse
1406 713 1721 771 certamen
1772 705 2125 789 confitetur,
2169 708 2336 771 idem
2376 705 2620 770 Sullam
2656 707 2766 769 ho-

421 815 653 876 minem
702 814 1101 878 ambitiosum
1153 816 1450 899 depingit.
1522 815 1646 878 Sed
1694 833 2076 897 quamquam
2128 833 2211 877 ex
2257 815 2354 877 his
2400 815 2607 878 elucet
2645 813 2764 877 Po·

410 922 736 985 sidonium
771 940 1025 1006 operam
1059 923 1322 1002 dedisse,
1353 927 1426 986 ut
1453 923 1591 986 sine
1614 924 1709 985 ira
1731 940 1807 984 ac
1828 921 2039 985 studio
2063 923 2131 984 in
2155 921 2414 985 historia
2437 918 2767 983 scribenda

419 1034 801 1110 versaretur,
859 1034 1066 1092 tamen
1129 1029 1194 1091 Ρ.
1253 1027 1578 1107 Rutilio,
1637 1027 1873 1092 Metelli
1928 1028 2161 1111 legato,
2218 1009 2407 1111 duem
2464 1047 2548 1091 ex
2601 1025 2766 1090 Plut.

425 1135 573 1200 Mar.
612 1154 665 1199 c.
705 1137 789 1197 28
838 1130 972 1222 ἰδίᾳ
1014 1131 1259 1223 Μαρίῳ
1295 1129 1859 1224 προσκεκρουκότα
1897 1136 2336 1218 comperimus,
2381 1134 2769 1197 familiariter

418 1240 740 1321 utebatur,
799 1248 1008 1306 tamen
1070 1241 1335 1329 Sullae
1394 1243 1877 1305 commentarios
1938 1241 2192 1323 legerat.
2291 1239 2417 1304 Res
2478 1239 2770 1303 videlicet

418 1351 604 1431 ipsas,
643 1367 806 1431 quae
841 1355 988 1413 ante
1018 1349 1233 1413 Sullae
1268 1333 1644 1433 legationem
1682 1348 1882 1412 factae
1920 1354 2085 1430 sunt,
2124 1366 2159 1410 e
2191 1348 2370 1411 Sulla
2400 1348 2765 1429 depromere

418 1473 540 1519 non
592 1457 824 1539 potuit3
870 1456 1010 1519 iure
1054 1458 1221 1519 enim
1269 1454 1566 1519 Klebsius
1610 1475 1668 1538 p.
1719 1455 1804 1517 49
1852 1456 2003 1518 haec
2048 1456 2324 1518 monuit:
2374 1452 2760 1534 ,Admodum

423 1562 836 1625 dubitandum
885 1570 998 1643 est,
1043 1582 1199 1626 num
1245 1582 1336 1642 ea,
1384 1581 1547 1645 quae
1584 1581 1640 1625 c.
1680 1563 1737 1625 8.
1781 1562 1837 1628 9.
1875 1561 2301 1638 continentur,
2347 1580 2491 1624 cum
2530 1559 2766 1622 solum-

428 1669 603 1732 modo
641 1668 723 1731 ad
756 1665 1037 1732 Marium
1072 1676 1371 1753 spectent,
1405 1668 1583 1733 Sulla
1614 1670 1678 1731 in
1715 1670 2183 1732 commentariis
2214 1687 2427 1732 rerum
2459 1685 2767 1730 suarum

429 1778 1047 1855 commemoraverit‘3
1105 1778 1214 1839 sed
1272 1795 1416 1839 eum
1475 1778 1743 1839 crimina
1797 1776 1876 1839 ab
1924 1775 2332 1858 optimatibus
2376 1777 2441 1837 in
2493 1772 2764 1837 Marium

424 1885 583 1948 dicta
631 1903 761 1948 non
807 1883 993 1966 plane
1038 1886 1306 1947 evitasse
1343 1902 1378 1946 e
1416 1884 1751 1968 depravata
1789 1884 1899 1946 illa
1933 1882 2199 1966 Turpilii
2236 1882 2451 1946 fabula
2489 1885 2763 1964 apparet.

423 1989 653 2056 Contra
709 1991 875 2074 apud
926 1990 1418 2053 Plutarchum
1476 1991 1552 2053 de
1601 1990 1788 2052 Marii
1841 1990 2098 2072 ingenio
2156 1989 2564 2071 moribusque
2620 2005 2763 2049 cum

418 2099 564 2162 odio
607 2098 823 2181 aliquo
871 2098 1233 2181 exponitur:
1282 2099 1345 2159 hi
1392 2105 1543 2160 sunt
1586 2098 1844 2177 colores,
1883 2097 2116 2179 quibus
2152 2096 2408 2159 adducti
2443 2094 2767 2158 Kienius

417 2211 481 2269 et
522 2205 841 2269 Peterus
881 2224 914 2267 e
952 2204 1166 2269 Sullae
1203 2205 1673 2267 commentariis
1725 2203 1915 2266 verba
1952 2203 2280 2265 Plutarchi
2324 2219 2613 2264 manasse
2659 2219 2766 2262 su-

417 2313 640 2395 spicati
676 2318 841 2374 sunt.
910 2310 1056 2374 Non
1096 2310 1235 2374 dico
1281 2312 1439 2374 illud
1487 2311 1899 2398 δημαγωγῶν,
1951 2329 2077 2393 quo
2123 2309 2317 2371 verbo
2365 2326 2464 2377 res
2509 2309 2576 2369 in
2623 2307 2761 2389 ipso

416 2418 589 2482 fonte
643 2420 908 2501 scriptas
967 2416 1237 2482 breviter
1293 2418 1738 2501 comprehendi
1794 2419 1948 2481 mihi
2006 2415 2259 2500 quidem
2310 2420 2580 2495 constat,
2636 2431 2761 2477 non

416 2532 627 2609 partes
674 2546 712 2588 a
752 2523 950 2588 Mario
996 2526 1061 2587 in
1102 2525 1580 2588 condemnando
1618 2524 1896 2607 Turpilio
1934 2531 2128 2604 actas;
2177 2523 2288 2586 sed
2324 2521 2484 2584 illud
2522 2514 2767 2608 ἄπορον

416 2630 531 2696 καὶ
559 2632 801 2709 δοῦλον,
842 2631 1010 2715 quod
1037 2653 1074 2694 a
1104 2632 1441 2695 Posidonio
1474 2650 1597 2693 non
1641 2632 1941 2694 traditum
1981 2648 2118 2694 esse
2153 2649 2189 2693 e
2221 2629 2383 2693 Livii
2415 2635 2477 2692 et
2506 2627 2765 2691 Sallusti

416 2759 732 2803 consensu
778 2739 1080 2820 dilucet,1)
1128 2739 1289 2802 illud
1333 2736 1444 2802 καὶ
1489 2736 1806 2825 περιῆλθέ
1850 2760 1950 2815 τις
1993 2735 2256 2821 νέμεσις,
2304 2738 2526 2799 miram
2575 2741 2766 2817 atque

417 2846 745 2910 ridiculam
792 2846 967 2909 illam
999 2845 1222 2909 Albini
1254 2852 1317 2909 et
1348 2845 1596 2908 Bestiae
1643 2845 2153 2925 misericordiam,
2202 2864 2360 2928 quas
2407 2844 2673 2926 ineptias
2729 2862 2764 2903 a

422 2952 756 3017 Posidonio
783 2961 1067 3016 narratas
1100 2972 1237 3017 esse
1269 2972 1422 3016 cave
1455 2955 1789 3035 putaveris
1863 2950 2040 3027 Quae
2071 2972 2214 3014 cum
2253 2955 2339 3015 ita
2375 2953 2520 3033 sint,
2560 2951 2765 3012 facere

427 3079 543 3122 non
561 3079 917 3144 possumne,
949 3061 1102 3142 quin
1135 3060 1534 3123 Plutarchum
1560 3060 1771 3141 ipsum
1790 3064 2043 3142 propter
2060 3060 2557 3140 indignationem
2581 3056 2766 3119 Marii

422 3165 652 3230 Metelli
691 3166 1013 3230 benefacta
1052 3165 1376 3230 maleficiis
1413 3169 1784 3249 pensantis2)
1824 3166 2222 3248 optimatium
2262 3184 2518 3228 causam
2550 3164 2760 3227 studio

416 3283 703 3338 secutum
743 3292 879 3347 esse
918 3277 1303 3337 coniciamus
1335 3283 1396 3337 et
1427 3274 1724 3336 historiae
1754 3272 1943 3335 fidem
1979 3277 2256 3335 mutasse
2287 3268 2422 3351 (καὶ
2453 3270 2764 3350 ὃοῢλον).3)

596 3450 611 3479 1

594 3451 635 3580 ’ξ
673 3449 778 3575 {gd
794 3450 1092 3575 ἕΙῨΠέΙΜΞΥ.
1107 3468 1176 3574 nc.
1200 3451 1368 3576 31.οἮ
1351 3517 1462 3587 ἥκει
1500 3512 1719 3604 Magnos·
1756 3521 1847 3571 ἐπὶ
1882 3510 1977 3572 τὸν
2019 3522 2296 3588 στέφανον
2320 3523 2412 3569 καὶ
2436 3509 2532 3570 τὸν
2558 3523 2764 3596 θρίαμ-

413 3600 512 3658 βον
551 3594 609 3643 ἐκ
643 3612 739 3655 τ7ς
775 3611 912 3672 προς
947 3594 1152 3645 ἐκεῖνον
1189 3586 1590 3675 ἀχαριστίας
1630 3586 1937 3674 ηὐξημένος.
1982 3590 2114 3643 Ibid.
2143 3606 2187 3643 0.
2211 3589 2281 3643 28
2322 3590 2486 3642 meda
2525 3579 2763 3660 μαλιστα

413 3662 475 3715 δὲ
513 3657 776 3735 ὀρρωδῶν
811 3682 906 3716 τον
944 3666 1218 3716 luerem-ov
1255 3658 1799 3735 ἧχαριστημένον
1839 3655 1923 3715 ὑπ
1969 3656 2145 3713 αὐτοῦ.

595 3735 634 3801 ⁸)
675 3734 855 3788 Vitelli
892 3735 1124 3801 priorem
1163 3735 1568 3803 explicationem
1609 3739 1680 3803 (p.
1710 3735 1834 3802 359)
1872 3734 2115 3801 accipere
2152 3749 2260 3785 non
2295 3747 2594 3800 possunmS,
2634 3747 2762 3798 quo-

413 3806 557 3859 niam
593 3805 912 3859 Plutarchus
950 3806 1291 3859 Posidonium
1328 3805 1605 3872 exscribit3
1654 3807 1831 3874 itaque
1870 3805 1995 3858 fieri
2030 3821 2133 3857 non
2175 3807 2399 3872 poterat,
2437 3805 2499 3855 ut
2534 3820 2564 3855 e
2599 3802 2761 3855 latino

412 3878 469 3929 in
506 3893 758 3945 graecum
796 3878 1142 3944 transferret3
1189 3878 1469 3946 posteriori
1505 3876 1932 3945 interpretationi
1969 3876 2196 3929 fortasse
2235 3876 2349 3928 veri
2376 3874 2571 3942 aliquid
2595 3874 2760 3926 inest:

414 3947 458 4001 O
497 3950 666 4001 anche
705 3964 805 4002 con
842 3948 894 4001 la
929 3947 1110 4016 parola
1145 3946 1332 4000 ὃοῖλοι
1366 3947 1505 4001 volle
1544 3948 1796 4004 alludere
1837 3964 1986 4001 come
2025 3963 2195 4000 aveva
2217 3947 2300 4016 gia
2324 3948 2457 3999 fatto
2483 3944 2686 4013 Filippo
2713 3945 2763 3996 V

412 4019 468 4071 di
504 4019 815 4073 Macedonia
848 4019 991 4072 nella
1033 4019 1226 4073 lettera
1261 4020 1310 4072 ai
1346 4020 1592 4086 Larissei,
1632 4020 1679 4072 ai
1716 4019 1965 4071 libertini.
2042 4018 2189 4083 Quae
2237 4019 2283 4071 si
2326 4018 2402 4070 ita
2445 4017 2568 4083 sint,
2613 4015 2762 4069 Plut-

414 4091 608 4144 archus
653 4090 921 4144 Posidonii
958 4090 1123 4143 verba
1166 4091 1480 4159 simpliciter
1523 4092 1765 4144 reddidit.
1812 4090 1987 4143 Latini
2032 4092 2208 4143 autem
2258 4089 2543 4157 scriptores
2599 4088 2761 4141 Grae-

415 4177 599 4214 corum
635 4161 786 4214 illum
821 4177 979 4215 usum
1015 4162 1156 4214 haud
1192 4162 1498 4230 ignorantes
1535 4163 1600 4215 de
1628 4162 1797 4215 servis
1822 4161 1955 4213 m'hil
1980 4161 2326 4214 tradiderlmt.
2384 4161 2457 4213 At
2480 4158 2572 4227 qui
2594 4159 2678 4227 fit,
2703 4160 2765 4211 ut

414 4248 518 4286 nec
542 4232 725 4287 Livius
748 4249 850 4287 nec
876 4233 1154 4287 Sallustius
1171 4233 1238 4287 de
1258 4232 1519 4287 libertinis
1538 4234 1869 4287 sacramento
1889 4233 2087 4286 adactis
2107 4232 2390 4301 quidquam
2420 4230 2761 4300 acceperint?
