3217 4900
1495 334 1935 397 -43-

544 529 687 574 cum
724 509 888 574 Plut.
929 529 978 575 o.
1020 511 1102 572 3⁷
1143 510 1675 594 comparavimus3
1717 510 1972 591 accedit,
2010 510 2180 593 quod
2218 510 2337 574 sub
2367 508 2558 575 finem
2593 510 2898 575 Valerius

543 618 836 699 congruit
879 635 1025 680 cum
1073 617 1391 700 Appiano:

792 861 924 916 Val.
961 863 1121 917 Max.
1160 862 1260 926 IX,
1299 864 1349 930 3,
1387 862 1422 917 8
1995 864 2146 931 App.
2186 862 2250 916 B.
2289 863 2346 919 C.
2386 863 2429 930 I,
2470 880 2515 917 c.
2559 865 2661 918 104

647 985 749 1023 nec
795 969 943 1023 senio
987 969 1094 1023 iam
1139 968 1429 1039 prolapsae,
1475 971 1659 1038 utpote
1876 959 1922 1041 ᾧ
1961 965 2169 1037 δυνατὴ
2207 967 2314 1036 μὲν
2355 962 2437 1023 ἔτι
2483 964 2516 1037 ἢ
2557 964 2747 1038 ἡλικία
2790 973 2894 1024 καὶ

446 1075 451 1080 ’
541 1058 933 1126 sexagesimum
970 1059 1276 1128 ingrediens
1315 1074 1530 1112 annum.
1768 1076 1834 1112 το
1869 1061 2039 1124 σιῖμα
2069 1053 2363 1126 εὔρωστον
2398 1076 2443 1112 c.
2475 1061 2576 1114 105
2606 1053 2892 1127 ἑξήκοντα

1766 1146 1875 1213 μὲν
1914 1139 2009 1215 ἔτη
2046 1141 2279 1218 βιώσας.

719 1379 887 1464 Ergo
936 1400 1019 1444 ex
1065 1383 1200 1465 ipsa
1246 1382 1336 1444 rei
1384 1386 1611 1444 natura
1653 1380 1940 1463 efficitur,
1990 1388 2058 1444 ut
2100 1380 2234 1444 Val.
2275 1379 2439 1443 Max,
2476 1379 2596 1463 IX,
2644 1382 2702 1463 3,
2740 1383 2780 1444 8
2822 1389 2888 1446 et

540 1487 705 1550 Plut.
743 1507 793 1550 c.
836 1487 916 1551 37
967 1507 1002 1551 e
1048 1487 1227 1550 Livio
1275 1492 1526 1570 sumpta
1572 1489 1726 1568 sint,
1780 1488 2148 1570 praesertim
2195 1507 2339 1551 cum
2388 1488 2574 1550 etiam
2627 1485 2790 1550 Plut.
2831 1508 2884 1553 c.

539 1594 625 1656 34
669 1599 923 1678 propter
969 1593 1253 1676 Pompeii
1299 1594 1803 1657 benevolentiam
1854 1593 2114 1658 Liviana
2161 1595 2336 1677 origo
2381 1599 2603 1676 pateat.

718 1699 1096 1763 Plutarchus
1143 1702 1335 1783 igitur
1382 1719 1430 1762 c.
1473 1703 1576 1781 34,
1624 1719 1672 1762 c.
1717 1701 1817 1773 37,
1864 1720 1914 1764 c.
1956 1702 2039 1762 38
2087 1702 2418 1784 exscripsit
2455 1698 2726 1783 Livium,
2775 1703 2884 1783 qui

540 1806 812 1869 eundem
857 1807 1093 1870 fontem
1142 1807 1444 1889 adhibuit,
1493 1827 1683 1890 quem
1727 1809 2069 1891 Appianus,
2116 1808 2221 1870 sed
2271 1808 2376 1887 ita,
2423 1812 2495 1871 ut
2532 1805 2747 1871 Livius
2796 1845 2876 1856 -

539 1918 600 1975 et
645 1912 762 1974 hae
807 1917 956 1976 sunt
999 1912 1392 1977 diversitates
1428 1933 1619 1997 supra
1658 1918 2036 1977 memoratae
2073 1914 2261 1976 fontis
2302 1913 2511 1978 verbis
2549 1933 2677 1978 non
2710 1923 2871 1977 esset

539 2018 842 2098 addictus,
887 2021 1081 2083 immo
1131 2027 1201 2083 ut
1238 2019 1499 2104 Pompei
1536 2039 1749 2084 amore
1787 2021 2014 2084 ductus
2051 2021 2289 2084 colores
2328 2022 2633 2104 quosdam
2672 2022 2872 2085 nescio

540 2127 707 2188 unde
745 2132 1118 2210 aspergeret,
1159 2132 1227 2190 u't
1264 2134 1525 2191 mortem
1560 2124 1779 2191 Sullae
1817 2147 1900 2191 ex
1937 2127 2061 2190 alio
2101 2128 2373 2210 quodam
2413 2136 2667 2192 auctore
2704 2129 2880 2192 aliter

544 2240 834 2298 narraret.

719 2337 959 2415 Quodsi
1019 2339 1237 2404 Livius
1297 2341 1633 2425 pulchrum
1694 2342 1876 2405 illum
1937 2347 1997 2405 et
2058 2344 2343 2425 quietum
2400 2344 2564 2405 vitae
2618 2344 2884 2423 exitum,

538 2466 724 2530 quem
783 2450 1136 2512 communis
1192 2450 1331 2512 fons
1386 2450 1752 2532 praebebat,
1800 2469 1882 2512 ex
1929 2449 2052 2512 alia
2098 2451 2454 2533 cognitione
2500 2469 2645 2513 cum
2693 2452 2882 2514 vehe-

537 2557 731 2617 menti
788 2563 849 2618 et
905 2555 1200 2619 effrenato
1257 2556 1364 2619 illo
1420 2557 1551 2620 irae
1596 2559 1835 2640 impetu
1882 2559 1920 2619 i.
1969 2575 2019 2619 e.
2067 2575 2212 2620 cum
2262 2558 2618 2621 narratione
2664 2556 2883 2622 Sullae

537 2661 761 2724 infesta
799 2665 1227 2742 commutavit,
1274 2663 1382 2726 sed
1423 2664 1590 2726 idem
1630 2664 2062 2743 nihilominUS,
2103 2665 2268 2727 sicut
2310 2666 2653 2747 Appianas,
2690 2673 2883 2748 negat

535 2766 775 2832 Sullam
832 2771 1006 2832 senio
1069 2772 1429 2853 prolapsum
1497 2771 1718 2846 fuisse,
1781 2770 2355 2853 probabilissimum
2424 2776 2518 2835 est
2588 2790 2733 2835 eum
2802 2773 2882 2836 de

532 2876 862 2958 phthiriasi
909 2876 1068 2938 nihil
1115 2878 1507 2961 accepisse.¹)

712 2981 933 3067 Itaque
994 3002 1201 3066 neque
1247 2986 1522 3068 Appiani
1579 2992 1641 3047 et
1688 2983 1851 3047 Livii
1910 2990 2129 3047 auctor
2175 3004 2381 3068 neque
2429 2983 2645 3049 Livius
2694 2987 2877 3069 quid-

535 3108 721 3170 quam
771 3090 848 3153 de
893 3090 1112 3153 morbo
1158 3091 1502 3173 pediculari
1549 3090 1764 3154 Sullae
1815 3093 2148 3154 memoriae
2207 3091 2634 3177 prodiderunt.
2738 3092 2878 3156 Hac

533 3198 839 3259 sententia
888 3196 1219 3261 Klebsium
1254 3219 1310 3281 p.
1352 3199 1433 3259 32
1483 3198 1713 3261 falsum
1761 3204 2018 3280 putasse
2065 3205 2336 3281 apparet.

713 3303 959 3380 Negant
996 3305 1179 3367 multi
1217 3306 1336 3367 viri
1376 3305 1541 3367 docti
1588 3304 1921 3367 Posidonio
1955 3304 2352 3384 Sallustiove,
2390 3304 2713 3387 ,gravibus
2751 3307 2879 3371 illis

532 3410 975 3492 scriptoribus‘,
991 3412 1179 3475 talem
1211 3413 1496 3474 notitiam
1531 3432 1713 3494 posse
1747 3411 1978 3493 deberi,
2012 3413 2330 3494 quoniam,
2363 3431 2525 3496 quae
2558 3413 2634 3475 de
2668 3414 2877 3495 phthi-

532 3517 677 3578 riasi
717 3528 1068 3599 narrentur,
1116 3517 1276 3581 nihil
1315 3521 1440 3581 sint
1480 3520 1601 3580 nisi
1639 3537 1845 3582 merae
1876 3538 2085 3603 nugae
2115 3520 2528 3602 ineptiaeque.
2599 3518 2877 3582 Nomine

529 3620 634 3683 Th.
702 3621 1237 3706 Mommsenum,²)
1305 3645 1495 3708 quem
1557 3627 1722 3688 inter
1780 3627 1936 3689 alios
1998 3629 2197 3689 secuti
2258 3635 2408 3688 sunt
2465 3623 2749 3705 Ibniusss)
2812 3637 2876 3689 et

534 3727 1209 3813 Maurenbrecherus.⁴)
1281 3731 1369 3794 At
1415 3732 1585 3794 enim
1639 3732 1861 3794 medici
1911 3744 2090 3795 erant
2135 3733 2428 3813 adeundi,
2476 3734 2587 3815 qui
2624 3734 2872 3814 saepius

532 3835 608 3897 de
654 3836 871 3899 morbo
920 3837 1025 3900 illo
1073 3848 1353 3922 egerunt.
1445 3836 1582 3900 Hos
1630 3837 1824 3901 libros
1870 3840 2147 3921 inspexi:

709 4101 748 4168 ¹)
786 4101 986 4171 Ineptit
1021 4101 1307 4171 Kuyperus
1345 4102 1378 4155 l.
1406 4102 1438 4155 l.
1469 4120 1516 4171 p.
1560 4102 1679 4169 120,
1717 4120 1770 4155 n.
1815 4105 1859 4155 1.
1900 4104 1990 4172 qui
2028 4103 2419 4158 Mommsenum
2456 4104 2558 4158 sibi
2594 4119 2699 4157 non
2742 4118 2872 4157 con—

529 4174 670 4225 stare
707 4176 881 4311 3¹²2&
898 4173 2109 4314 ἇεῗὸὃὲἒῐῐῗξοῗωὲἕὲξεῙὲὠὲῗῗεξέχῖῑωῧῖ
2148 4245 2270 4298 451.
2344 4246 2387 4313 ⁴)
2425 4245 2459 4301 1.
2499 4245 2531 4298 1.
2571 4262 2620 4314 p.
2664 4247 2746 4297 17.
