3217 4900
1364 310 1802 372 -13-

589 486 659 550 d.
714 486 1095 549 Postremo
1146 487 1361 549 Livius
1409 487 1625 550 eadem
1676 489 1891 550 eodem
1940 490 2128 550 modo
2176 509 2248 550 ac
2286 487 2625 550 Sallustius
2660 506 2756 549 re-

410 593 528 654 fert
573 593 691 654 hoc
735 592 898 657 loco:

626 803 793 857 Cass.
832 803 1012 857 Dion.
1051 804 1119 856 fr.
1158 804 1244 869 89,
1284 805 1318 855 4
1891 804 2041 859 Sall.
2081 805 2141 857 B.
2180 806 2227 857 J.
2269 824 2313 858 c.
2353 808 2437 871 65,
2478 805 2520 896 2·

510 899 631 963 Ὅτι
656 913 739 980 τῷ
765 906 1049 981 Μετέλλῳ
1076 902 1293 978 ἤχθετο
1324 902 1354 963 ὃ
1386 905 1528 963 Pon}-
1747 910 1832 963 cui
1854 914 1948 978 (so.
1972 911 2207 979 Gaudae)
2230 911 2476 965 Metellus
2507 913 2759 979 petenti

409 1000 534 1061 δας,
606 987 691 1051 ὅτι
756 993 900 1065 μήτε
975 996 1109 1063 τοὺς
1182 993 1531 1066 αὐτομόλους
1640 1015 1814 1053 more
1879 1016 2097 1068 regum
2155 1002 2224 1051 ut
2285 999 2514 1052 sellam
2576 1000 2763 1053 iuxta

407 1083 581 1154 μήτε
678 1083 988 1156 φρουρὰν
1082 1092 1532 1157 στρατιωτῶν
1641 1090 1942 1155 poneret,
1970 1088 2126 1140 item
2165 1090 2394 1154 postea
2417 1090 2759 1142 custodiae

417 1175 748 1241 Ρωμαίων
786 1170 1074 1243 αἰτήσας
1111 1173 1272 1246 παρ’
1313 1174 1531 1231 αὐτοῦ
1640 1192 1836 1231 causa
1878 1179 2153 1229 turmam
2201 1176 2492 1243 equitum
2541 1178 2759 1230 Roma-

411 1259 682 1334 ἔλαβεν,
722 1257 757 1330 ἢ
795 1266 913 1319 καὶ
948 1254 1054 1318 ὅτι
1088 1261 1293 1334 ἐγγὺς
1320 1260 1531 1318 αὐτοῦ
1640 1282 1891 1331 norum,
1955 1270 2313 1332 utrumque
2369 1272 2758 1334 negaverat:

412 1347 540 1406 οὐκ
582 1349 993 1421 ἐκαθέζετο,
1035 1342 1209 1423 ὅπερ
1247 1348 1334 1417 (ἒς
1371 1349 1531 1421 πλή-
1639 1355 1975 1413 honorem.
2050 1355 2214 1420 quod
2288 1369 2508 1407 eorum
2585 1371 2760 1408 more

413 1444 529 1495 θει
569 1450 712 1505 τοῖς
741 1460 810 1496 τε
837 1444 1209 1512 βασιλεῦσι
1247 1444 1361 1495 καὶ
1390 1450 1532 1505 τοῖς
1638 1443 1839 1508 foret,
1897 1458 2059 1510 quos
2111 1441 2392 1510 populus
2438 1444 2762 1497 Romanus

412 1525 782 1595 δυνάσταις
829 1526 1012 1601 παρὰ
1068 1532 1203 1584 τῶν
1250 1522 1532 1585 ὑπάτων
1641 1547 1832 1600 reges
1869 1531 2383 1599 adpellavisset,
2424 1532 2761 1599 praesidium,

414 1616 703 1674 ἐδίδοτο.
1641 1621 1779 1688 quod
1817 1622 1918 1675 etc.

1519 2154 1666 2238 §3.

600 2294 914 2372 Quoniam
947 2298 1359 2362 Plutarchum
1396 2300 1677 2362 vidimus
1712 2298 1894 2362 Marii
1933 2303 2134 2383 capite
2171 2302 2434 2384 septimo
2466 2305 2766 2379 extremO,

421 2405 733 2489 capitibus
780 2414 999 2469 octavo
1047 2413 1109 2470 et
1155 2427 1322 2471 nono
1370 2409 1534 2490 totis,
1582 2408 1784 2491 capite
1827 2408 2067 2471 decimo
2107 2410 2405 2491 (exceptis
2444 2407 2765 2490 legationi-

422 2511 542 2574 bus
580 2533 616 2575 a
659 2513 905 2577 Boccho
944 2521 1005 2577 et
1044 2515 1246 2578 Mario
1286 2516 1514 2592 missis)
1555 2536 1703 2578 cum
1735 2514 2035 2579 Sallustio
2074 2524 2136 2578 et
2166 2514 2345 2578 Livio
2385 2516 2458 2577 ad
2501 2514 2767 2577 verbum

421 2619 550 2682 fere
596 2639 969 2703 congruere,
1024 2641 1223 2684 nunc
1279 2624 1800 2705 anquiramus,
1859 2642 1948 2685 ex
2006 2642 2326 2705 quonam
2381 2622 2589 2684 fonte
2634 2640 2767 2683 sua

424 2726 1046 2810 deprompserint.

599 2832 902 2897 Nondum
957 2835 1163 2897 adhuc
1225 2837 1466 2899 occasio
1516 2836 1661 2898 data
1711 2842 1803 2898 est
1850 2838 2013 2898 initii
2061 2838 2279 2919 capitis
2328 2836 2577 2919 septimi
2624 2854 2766 2896 cum

424 2940 637 3023 aliquo
675 2943 977 3024 scriptore
1008 2944 1441 3026 comparandi3
1478 2962 1643 3027 quae
1676 2945 1919 3006 occasio
1953 2943 2134 3006 nobis
2168 2943 2424 3005 offertur
2459 2940 2770 3005 Diodori

427 3048 779 3130 fragmento
827 3049 912 3112 38
961 3049 1267 3112 librorum
1317 3052 1400 3112 34
1450 3063 1512 3113 et
1546 3052 1649 3115 35.
1725 3053 1941 3132 Atque
1979 3051 2131 3112 haec
2179 3057 2291 3129 est,
2340 3069 2531 3130 quam
2580 3067 2770 3129 quae·

424 3155 642 3236 rimus,
689 3175 842 3217 ansa
886 3155 1077 3218 fontis
1125 3157 1484 3238 indagandi.
1566 3156 1733 3219 Nam
1771 3160 1825 3218 si
1863 3156 2046 3218 nobis
2079 3157 2425 3237 contigerit,
2464 3162 2535 3217 ut
2567 3154 2768 3217 Plut—

424 3263 756 3344 archum,
814 3262 1295 3344 Sallustium,
1342 3261 1641 3326 Livium
1690 3263 2289 3325 demonstremus
2337 3263 2770 3325 consentire

425 3387 589 3431 cum
637 3366 995 3451 DiodorO,
1045 3389 1232 3452 quem
1281 3370 1426 3433 inde
1474 3369 1550 3432 ab
1599 3389 1769 3433 anno
1818 3390 1870 3432 a.
1921 3369 2060 3431 Chr.
2109 3390 2167 3432 n.
2229 3372 2567 3433 centesimo
2617 3388 2769 3451 qua—

427 3476 783 3559 dragesimo
816 3484 997 3540 sexto
1036 3476 1438 3540 Posidonii
1485 3478 1750 3561 vestigia
1781 3474 2085 3561 pressisse
2117 3475 2338 3537 Wilm
2354 3478 2476 3554 sil)
2527 3483 2588 3538 et
2634 3475 2771 3538 Bu-

425 3584 678 3664 solt12)
728 3584 1203 3665 quaestionibus
1249 3586 1401 3648 satis
1447 3591 1714 3666 constat,
1761 3585 1964 3647 facere
2010 3604 2136 3645 non
2184 3586 2555 3667 poterimuS,
2615 3585 2768 3665 quin

426 3689 504 3753 ab
549 3691 676 3754 illis
726 3691 1021 3754 omnibus
1060 3691 1385 3755 Posidonii
1424 3693 1716 3755 historias
1762 3694 1828 3754 in
1869 3711 2057 3754 usum
2099 3697 2346 3752 vocatas
2385 3709 2520 3752 esse
2558 3709 2770 3753 cense-

427 3817 622 3861 amus,

608 4011 646 4076 ¹)
688 4014 748 4063 A.
788 4010 996 4076 Wilms,
1034 4011 1167 4063 tiber
1203 4013 1292 4065 die
1338 4012 1555 4076 Quellen
1592 4012 1690 4076 fiir
1726 4011 1816 4063 die
1853 4011 2167 4064 Gesekiohte
2193 4011 2283 4061 des
2309 4014 2488 4062 ersten
2517 4008 2771 4060 Sklaven·

426 4081 647 4148 kriequ,
700 4081 972 4150 Hamburg
1011 4082 1163 4135 1885.
1260 4083 1298 4150 ¹)
1338 4084 1397 4136 G.
1437 4083 1639 4147 Busolt,
1691 4082 2162 4149 quellenkritisclze
2211 4081 2462 4147 Beitriiqe
2509 4096 2616 4130 zur
2670 4079 2770 4130 Ge-

426 4151 663 4204 sclziclzte
709 4153 804 4204 der
862 4154 1180 4206 romischen
1227 4154 1718 4215 Revolucio‘nsxe‘t‘t,
1775 4154 1830 4205 in
1879 4152 2206 4206 Fleckeiseni
2269 4150 2557 4203 Annalibus
2617 4150 2769 4215 1890,

428 4239 479 4289 p.
517 4222 617 4276 321
658 4239 733 4291 sq.
774 4230 829 4276 et
864 4241 916 4292 p.
953 4225 1057 4278 405
1095 4241 1171 4292 sq.
