3217 4900
1381 319 1823 387 „27-

422 501 656 568 missus
704 523 854 569 oum
887 502 1202 589 praesidio
1239 503 1516 567 militum
1553 503 1723 568 haud
1762 504 1849 567 ita
1887 505 2120 588 exiguo
2159 503 2237 568 ad
2276 502 2596 567 Bocchum
2634 516 2774 586 per-

420 613 663 696 veniat,
722 613 842 676 hoo
899 630 981 675 ex
1038 611 1254 675 eodem
1317 614 1586 674 vitarum
1646 612 1968 696 scriptoris
2023 612 2284 675 consilio
2330 610 2774 695 explicandum

422 726 536 799 est,
585 719 662 782 de
711 739 837 803 quo
884 720 1008 781 iam
1056 739 1115 803 p.
1159 719 1240 781 15
1290 718 1584 782 diximus,

601 824 948 909 Reliquum
989 830 1099 908 est,
1137 832 1210 888 ut
1247 824 1325 888 de
1358 823 1619 889 Diodori
1649 825 2001 909 fragmento
2036 827 2117 889 35
2146 846 2183 889 a
2214 831 2277 889 et
2309 826 2581 910 Appiani
2610 825 2776 908 strag-

421 934 656 996 mentis
706 934 888 996 1—3
939 951 1217 1016 agamus,
2135 1010 2138 1013 Ι

603 1037 864 1103 Diodori
899 1038 1327 1123 fragmentum
1364 1045 1426 1103 et
1457 1040 1733 1123 Appiani
1769 1039 2193 1123 fragmentum
2230 1041 2506 1124 primum
2540 1041 2595 1102 si
2627 1058 2774 1103 eum

422 1147 722 1211 Sallustio
779 1151 841 1209 et
885 1143 1067 1209 Livio
1125 1146 1537 1225 conferimuS,
1593 1164 1675 1209 ne
1730 1146 1848 1209 hoe
1905 1146 2161 1231 quidem
2217 1147 2355 1211 loeo
2402 1147 2775 1231 scriptorum

421 1253 618 1318 verba
665 1252 985 1316 dissident.

421 1465 571 1521 Sall.
610 1465 675 1518 B.
711 1465 760 1519 J.
800 1481 846 1520 e.
885 1465 954 1518 35

495 1575 520 1626 1
561 1573 695 1626 Erat
731 1588 796 1627 ea
818 1574 954 1627 tem-

426 1663 627 1731 pestate
755 1662 955 1716 Romae

424 1750 656 1804 Numida
745 1750 957 1819 quidam

421 1841 636 1894 nomine
708 1839 956 1906 Massiva,

420 1929 682 1983 Gulussae
791 1927 955 1995 filius,

420 2018 736 2072 Masinissae
773 2033 954 2087 nepos.

419 2107 472 2160 2.
510 2106 653 2161 Huic
691 2106 778 2175 Sp.
806 2106 954 2160 Albi-

420 2210 525 2248 nus
654 2196 957 2264 persuadet,

421 2283 670 2352 quoniam
700 2300 779 2338 ex
806 2285 956 2338 stir-

420 2388 496 2442 pe
556 2372 960 2427 Masinissae

421 2463 493 2517 sit
534 2462 959 2532 Jugurthamque

422 2551 488 2605 ob
543 2551 751 2606 scelera
792 2552 957 2606 invi-

420 2641 526 2693 dia
549 2641 640 2709 (cf.
668 2641 807 2709 Liv.)
834 2657 956 2695 oum

419 2731 569 2783 metu
609 2733 814 2800 urgeat,
862 2746 955 2783 re-

418 2819 662 2888 gnumN
672 2819 956 2873 umidiae

420 2906 953 2978 absenatupetat.

491 3175 540 3227 4.
604 3174 751 3241 Quae
807 3181 951 3245 post-

420 3279 578 3331 quam
595 3262 829 3317 Massiva
846 3264 953 3332 agi-

418 3354 533 3405 tare
553 3353 728 3422 eoepit
756 3391 951 3406 .....

490 3529 792 3600 (Jugurtha)
847 3530 950 3584 Bo-

418 3616 623 3672 milcari
706 3619 951 3687 imperat,

418 3708 589 3774 pretio
613 3708 953 3763 insidiatores

417 3793 683 3851 Massivae
781 3800 950 3865 paret.

418 3884 469 3941 6.
530 3900 672 3939 unus
747 3902 816 3940 ex
889 3903 952 3941 eo

416 3991 643 4028 numero
656 4015 670 4043 ,
736 3974 827 4043 qui
889 3976 954 4029 ad

419 4064 638 4118 eaedem
786 4063 962 4132 parati

436 4154 614 4220 erant,
676 4152 959 4206 Massivam

417 4243 432 4258 ·
482 4280 494 4292 .
535 4280 547 4293 .
587 4240 888 4296 obtruncat.

1070 1464 1251 1518 Diod.
1289 1465 1358 1518 fr.
1398 1466 1512 1520 358

1092 1557 1213 1624 (Ότι
1278 1560 1420 1638 ἧκεν
1486 1568 1565 1635 εἰς

1029 1654 1132 1727 τὴν
1166 1654 1386 1728 Ῥώμην
1433 1655 1564 1715 ἀπὸ

1031 1751 1150 1802 τοῦ
1186 1751 1567 1818 βασιλικοῦ

1031 1835 1271 1908 γένους
1346 1831 1564 1908 ὕπάρ·

1026 1945 1165 1996 χων
1272 1922 1568 1997 Ἰογόρθας

1032 2009 1254 2086 ἕτερος,

1156 2634 1565 2695 ἀντιποιού-

1028 2744 1238 2794 μενος
1280 2731 1399 2797 τῆς
1436 2731 1564 2783 Νο-

1030 2818 1326 2886 μαδικῆς
1361 2821 1565 2889 βασι-

1028 2907 1233 2971 λείας.

1107 3171 1569 3241 Εὐδοκιμοῦντος

1028 3261 1090 3318 δὲ
1173 3260 1348 3318 aevo&
1428 3258 1564 3317 καθ’

1027 3347 1369 3424 ὑπερβολήν,

1092 3525 1434 3601 ὃἸογόρθας
1480 3549 1564 3598 μι-

1028 3614 1414 3688 σθωσάμενός
1486 3636 1564 3672 τι-

1029 3727 1128 3773 νας
1167 3714 1410 3779 σφαγεῖς
1435 3708 1564 3761 τοῦ-

1026 3815 1129 3852 τον
1150 3796 1260 3865 μὲν
1291 3790 1565 3866 ἐδολοφό-

1027 3902 1217 3954 νησεν,

1636 1465 1769 1519 Liv.
1795 1465 1921 1520 Per
1955 1465 2077 1519 libri
2102 1467 2173 1521 64
2244 1467 2394 1536 App.
2434 1466 2612 1520 Num.
2649 1466 2716 1518 fr.
2749 1468 2775 1517 1

1708 1572 1977 1642 Jugurtha
2065 1573 2171 1626 Ro-

1637 1677 1780 1715 mam
1877 1662 2029 1716 venit
2119 1664 2177 1715 et

1638 1753 1857 1821 propter
1954 1751 2174 1806 caedem

1640 1840 1922 1894 admissam
1976 1840 2033 1893 in
2079 1856 2174 1893 re-

1638 1927 1861 1997 gulum
1909 1930 2175 1998 quendam

1640 2018 1858 2072 nomine
1869 2017 2173 2086 Massivam,

1712 2640 1801 2709 qui
1904 2657 2174 2710 regnum

1639 2728 1755 2783 eius
1819 2728 2009 2799 populo
2068 2728 2173 2782 Ro-

1638 2833 1794 2872 mano
1830 2818 2036 2871 invisi
2074 2820 2173 2872 ad-

1638 2906 1959 2976 sectabat,
