3217 4900
1437 314 1876 378 ...34-

658 496 986 560 Postremo
1002 494 1273 558 Marium
1294 493 1501 558 solum
1526 494 1964 577 imperatorem
1989 491 2286 555 idoneum
2293 492 2438 574 q,ui
2462 509 2608 554 cum
2629 489 2833 553 Gallis

477 611 805 689 pugnaret,
826 623 864 666 a
885 602 1223 666 Posidonio
1244 600 1505 664 ductum
1527 618 1682 680 esse,
1701 598 2139 662 coniciendum
2156 604 2251 661 est
2271 598 2367 660 his
2382 597 2535 660 locis
2555 596 2828 659 collatis:

659 711 854 775 Plut.
888 709 1059 773 Mar.
1093 728 1146 776 c.
1180 709 1299 772 ll:
1335 700 1473 791 α’μα
1503 707 1596 793 τῷ
1619 705 1876 794 πρῶτον
1898 702 1965 769 ἐν
1984 700 2159 792 χρείᾳ
2183 697 2459 790 μεγάλου
2483 703 2833 790 στρατηγοῦ

478 815 785 904 γενέσθαι
830 814 941 881 καὶ
1000 812 1544 904 περισκέψασθαι
1602 838 1717 878 ττν
1769 805 1992 891 πόλιν,
2050 796 2102 897 ᾧ
2153 809 2441 899 χρωμένη
2495 803 2832 898 κυβερνήτῃ

481 918 888 1013 διαφεύξεται
934 917 1224 988 κλύδωνα
1271 918 1557 1004 πολέμου
1592 919 1908 998 τοσοῖτον,
1947 908 2203 995 οὗδενός
2238 908 2669 1000 ἀνασχομένου
2705 915 2833 979 τῶν

469 1022 623 1096 ’ἆπό
657 1026 871 1116 γένους
897 1021 1255 1115 μεγάλων“
1215 1054 1256 1115 η
1284 1022 1610 1093 πλουσίων
1641 1019 1833 1091 οἴκων
1856 1022 1969 1089 ἐπὶ
1989 1048 2109 1102 τας
2128 1015 2454 1101 ὑπατικὰς
2473 1016 2835 1088 κατιόντων

482 1129 906 1227 ἀρχαιρεσίας,
959 1128 1100 1201 ἀλλ’
1149 1126 1414 1200 ἀπόντα
1461 1127 1580 1198 τὸν
1627 1123 1893 1218 Μάριον
1938 1121 2507 1219 ἀναγορευσάντων.

662 1243 849 1310 Vell.
902 1242 1051 1306 Pat.
1099 1240 1337 1323 11,12:
1381 1241 1656 1324 populus
1692 1237 2019 1302 Romanus
2057 1257 2184 1302 non
2224 1239 2417 1300 alium
2454 1236 2833 1320 repellendis

482 1352 676 1415 tantis
730 1351 1017 1414 hostibus
1072 1349 1274 1432 magis
1329 1348 1623 1411 idoneum
1685 1348 2121 1429 imperatorem
2181 1364 2370 1428 quam
2418 1343 2689 1407 Marium
2740 1349 2836 1405 est

486 1465 679 1537 ratus.
771 1456 962 1520 Flor.
1009 1454 1061 1537 Ι,
1108 1456 1231 1535 38,
1243 1456 1311 1518 5:
1358 1459 1566 1517 actum
1618 1462 1765 1527 erat,
1804 1453 1928 1515 nisi
1966 1450 2206 1515 Marius
2254 1452 2347 1514 illi
2394 1449 2647 1514 saeculo
2684 1468 2833 1513 con-

483 1565 744 1647 tigisset
838 1562 1009 1628 Sall.
1060 1561 1130 1626 B.
1178 1560 1223 1623 Ι,
1275 1579 1324 1624 c.
1381 1561 1549 1623 114:
1602 1559 1682 1621 Et
1727 1579 1801 1623 ea
1845 1563 2211 1641 tempestate
2259 1577 2401 1641 spes
2446 1564 2638 1641 atque
2685 1576 2836 1640 opes

486 1671 759 1734 civitatis
804 1671 870 1731 in
919 1668 1028 1731 illo
1075 1671 1181 1749 (sc.
1230 1667 1456 1748 Mario)
1503 1667 1674 1730 sitae.

664 1773 981 1843 Proinde
1036 1791 1387 1840 summam
1433 1790 1718 1856 eorum,
1775 1790 1954 1857 quae
2002 1771 2238 1856 prima
2282 1771 2416 1838 hac
2464 1772 2666 1855 parte
2714 1767 2836 1834 dc-

485 1883 994 1950 monstravisse
1047 1880 1256 1948 nobis
1310 1878 1674 1962 videmur,
1730 1880 1831 1946 ita
1883 1878 2264 1945 faciamus:
2324 1876 2701 1944 SallustIus
2752 1875 2833 1940 B.

485 1988 548 2059 Ι.
602 2007 664 2057 c.
714 1988 956 2055 1--86
1002 1986 1092 2074 (c.
1142 1984 1295 2068 114)
1352 1985 1733 2054 Posidonii
1792 1985 2115 2052 historiis
2172 2002 2303 2070 pro
2361 1982 2831 2050 fundamento

486 2113 656 2163 usus
688 2097 821 2180 est,
853 2113 915 2163 c.
946 2093 1286 2162 loz—113
1319 2093 1546 2178 ipsius
1572 2090 1813 2160 Sullae
1845 2091 2398 2160 commentarios
2422 2088 2832 2174 exscripsit.

486 2201 725 2270 Porro
757 2220 1036 2269 summa
1066 2200 1424 2268 librorum
1457 2197 1735 2266 64—66
1768 2218 1811 2266 a
1843 2198 2047 2266 Livio
2079 2197 2386 2266 debetur
2407 2194 2834 2275 Posidon103

489 2307 805 2376 Velleius
858 2307 958 2391 H,
1002 2306 1206 2390 11‚12
1255 2313 1328 2374 et
1372 2305 1673 2391 AppIani
1721 2306 1909 2373 liber
1951 2304 2375 2373 Numidicus
2430 2322 2526 2371 ex
2580 2304 2835 2387 eodem

489 2418 782 2484 auctore
826 2414 1226 2498 fluxerunt,
1263 2412 1643 2481 Plutarchi
1678 2411 1850 2481 Mar.
1900 2430 1963 2481 c.
2004 2410 2249 2495 7--10,
2289 2410 2467 2479 Sull.
2516 2428 2578 2479 c.
2618 2407 2661 2476 3
2703 2409 2836 2478 Po·

490 2522 774 2590 sidonio
822 2520 1285 2590 attribuenda
1329 2522 1520 2588 sunt.
2683 2591 2686 2598 ,

669 2629 809 2694 Hac
835 2632 970 2714 ipsa
1007 2631 1319 2693 sententia
1351 2627 1745 2692 Klebsium
1786 2634 1847 2692 et
1888 2627 2291 2691 Vitellium
2330 2644 2566 2690 errasse
2595 2626 2837 2707 perspi-

492 2757 684 2801 cuum
733 2742 854 2817 est3
904 2756 1050 2798 nam
1098 2739 1152 2800 si
1192 2735 1531 2800 Plutarcho
1577 2738 1741 2799 inter
1778 2734 2073 2798 Latinum
2115 2735 2426 2818 quendam
2467 2733 2835 2815 scriptorem

493 2851 556 2909 et
593 2844 926 2925 Graecum,
974 2844 1084 2926 qui
1122 2844 1338 2907 eadem
1377 2843 1697 2925 referrent,
1744 2844 1913 2926 optio
1951 2850 2100 2923 erat,
2146 2861 2301 2905 num
2340 2841 2614 2924 opinaris
2650 2838 2838 2902 illum

493 2950 718 3015 Latino
754 2957 1007 3015 auctore
1042 2953 1138 3015 uti
1175 2950 1475 3014 maluisse
1513 2969 1703 3033 quam
1746 2948 2025 3013 Graeco?
2096 2948 2320 3032 Neque
2357 2952 2467 3029 est,
2506 2966 2619 3009 cur
2650 2947 2837 3009 mire-

493 3080 663 3140 mur,
716 3058 885 3142 quod
930 3057 1198 3121 Livius
1246 3056 1570 3122 Posidonii
1616 3057 1907 3121 historias
1953 3057 2273 3138 evolverit,
2321 3056 2556 3140 quippe
2604 3054 2836 3137 quibus

494 3165 743 3247 Polybii
782 3166 927 3229 libri
964 3166 1501 3229 continuarentur.
1576 3164 1900 3228 Sallusti
1930 3182 2132 3247 porr0‚
2178 3168 2396 3247 utpote
2435 3164 2546 3245 qui
2579 3179 2830 3225 causam

493 3273 856 3357 popularem
906 3274 1314 3356 suscepisset,
1359 3291 1548 3356 quam
1599 3272 1876 3334 maxime
1920 3273 2219 3334 intererat
2265 3268 2568 3351 Marium,
2615 3273 2682 3331 ut
2722 3266 2825 3327 ho-

496 3380 729 3442 minem
777 3397 925 3442 vere
968 3378 1354 3462 popularem,
1398 3379 1463 3440 in
1513 3378 1759 3441 caelum
1805 3378 1985 3459 ferre,
2032 3376 2340 3440 nobilium
2376 3395 2583 3439 mores
2622 3375 2830 3457 deper-

495 3486 686 3568 ditos,
732 3485 1099 3569 ubicunque
1142 3484 1380 3569 posset,
1426 3486 1760 3569 castigare:
1810 3487 2025 3567 itaque
2069 3490 2288 3547 auctor
2334 3486 2393 3546 ei
2440 3482 2839 3567 quaerendus

495 3598 653 3672 erat,
701 3594 812 3675 qui
867 3595 1290 3676 incorruptam
1351 3610 1560 3655 rerum
1618 3591 1807 3655 fidem
1864 3610 2117 3654 servare
2172 3590 2602 3670 contenderet,
2649 3595 2841 3671 atque

504 3699 836 3763 Posidonio
883 3696 1186 3783 aptiorem
1238 3717 1623 3781 quemquam
1672 3699 1941 3783 reperire
1989 3717 2117 3761 non
2162 3702 2423 3780 poterat.
2496 3695 2659 3759 Nam
2709 3694 2839 3758 Po-

495 3807 906 3888 sidonium,
963 3825 1349 3889 quamquam
1396 3805 1473 3868 ab
1522 3804 1928 3889 optimatibus
1975 3810 2262 3886 stantem,
2319 3815 2530 3867 tamen
2575 3805 2665 3866 rei
2726 3823 2841 3886 pu-

494 3913 696 3977 blicae
718 3914 872 3976 vitia
895 3917 1218 3997 perspecta
1242 3911 1540 3975 habuisse
1575 3922 1740 3977 recte
1772 3914 1986 3975 docuit
2017 3911 2140 3976 Ed.
2182 3911 2599 3993 Meyerus.¹)
2671 3908 2842 3983 Quid

495 4022 690 4102 igitur
716 4023 1003 4101 mirum,
1061 4020 1115 4082 si
1168 4018 1579 4103 philosophus
1634 4018 1923 4082 Rhodius
1985 4018 2142 4082 Mari
2195 4020 2494 4082 virtutem
2552 4017 2839 4079 bellicam

678 4230 718 4301 ¹)
753 4230 848 4285 Ed.
886 4230 1093 4301 Meyer,
1139 4229 1353 4285 Umors.
1378 4246 1431 4285 x.
1466 4230 1782 4286 Gesahiohto
1805 4231 1903 4285 der
1934 4231 2233 4297 Graeclam,
2259 4228 2414 4286 Hane
2442 4228 2598 4298 1894,
2623 4245 2674 4296 p.
2703 4230 2733 4280 7
2760 4243 2842 4297 sq.
