3217 4900
1335 299 1770 362 ...19-

560 472 818 527 Diodor.
856 471 1093 527 XXXV.
1131 473 1200 528 fr.
1239 473 1308 528 35
1996 472 2149 529 Sall.
2186 474 2249 529 B.
2287 475 2337 529 J.
2597 535 2606 543 ⁶

474 569 596 634 Ὅτι
653 581 914 649 Μικίψας
967 573 997 632 ὁ
1058 575 1495 636 Μασσανάσσου
1713 598 1758 635 c.
1800 583 1849 648 5,
1888 581 1938 637 6.
2013 581 2154 636 Dein
2192 581 2415 651 Micipsa
2447 581 2595 635 filius
2633 584 2729 651 (sc.

376 665 495 733 υἱὸς
548 671 655 723 τοῦ
702 663 988 736 Νομάδων
1041 667 1321 742 βασιλέως
1378 663 1496 740 εἶχε
1608 671 1937 737 Masinissae)
1977 686 2200 738 regnum
2239 670 2382 724 solus
2420 670 2662 726 obtinuit.

377 760 471 812 καὶ
491 751 696 822 ἄλλους
723 753 879 822 υἱοὺς
899 760 1140 822 πλείους,
1163 755 1412 826 μάλιστα
1435 759 1493 813 δὲ
1716 776 1759 813 c.
1789 762 1838 827 5,
1870 761 1918 812 7.
1976 758 2030 812 Is
2069 758 2425 813 Adherbalem
2463 761 2519 813 et
2543 759 2727 813 Hiem-

377 845 901 917 προτετιμημένους
914 841 1202 919 Ἀτάρβαν,
1233 844 1335 903 τὸν
1365 867 1496 919 πρε·
1607 848 1809 918 psalem
1850 864 1920 902 ex
1956 864 2077 902 sese
2113 847 2312 916 genuit.

377 930 662 1004 σβύτατον
682 938 800 989 τῶν
814 935 1048 1000 παίδων,
1067 939 1164 991 καὶ
1182 931 1501 1007 Ἰάμψαμον

375 1026 472 1078 καὶ
542 1025 820 1094 Μικίψαν.
928 1026 1003 1089 Oc
1069 1020 1499 1089 ἐπιεικέστατος

375 1117 489 1166 τῶν
535 1115 682 1167 κατὰ
731 1108 947 1185 Λιβύην
995 1112 1284 1183 βασιλέων
1339 1110 1498 1184 γενό-

376 1222 567 1269 μενος,
609 1205 708 1256 καὶ
753 1199 999 1267 πολλοὺς
1036 1204 1151 1258 τιῖν
1191 1205 1533 1258 πεπαιδευ-·

377 1288 565 1357 μένων
612 1285 892 1358 Ἑλλήνων
956 1287 1495 1360 μεταπεμπόμενος,

377 1378 639 1449 συνεβίου
686 1372 926 1444 τούτοις.
1006 1377 1235 1448 Πολλὴν
1271 1379 1332 1435 δὲ
1381 1377 1497 1435 ἐπι-

378 1464 609 1533 μέλειαν
665 1461 1006 1536 ποιούμενος
1060 1471 1333 1533 παιδείας,
1391 1464 1496 1536 μά-

382 1558 538 1610 λιστα
577 1555 638 1610 δὲ
680 1557 1038 1625 φιλοσοφίας,
1081 1552 1497 1629 ἐνεγὴρασεξτῇ

387 1645 678 1720 δυναστείᾳ
716 1647 813 1699 καὶ
851 1646 923 1715 τῇ
959 1647 1286 1722 φιλοσοφίᾳ.

552 1824 694 1889 Hoc
720 1826 785 1887 in
816 1825 1169 1909 fragmento
1207 1834 1353 1890 ante
1382 1829 1593 1890 omnia
1624 1847 1914 1911 magnus,
1946 1847 2073 1911 quo
2110 1826 2725 1911 wesselingius1)

381 1937 642 2014 tenetur,
688 1951 861 1996 error
907 1935 1331 2016 amputandus
1378 1940 1488 1997 est.
1584 1935 1747 1998 Nam
1798 1955 1882 1999 ex
1930 1954 2021 2016 ec,
2069 1935 2235 2019 quod
2284 1937 2382 1997 vir
2427 1934 2534 1997 ille
2582 1935 2725 1997 doc-

376 2045 478 2103 tus
542 2029 616 2117 ὃς
679 2036 1156 2118 ἐπιεικέστατος
1214 2040 1558 2124 verbis'qui
1627 2043 1884 2126 quidem
1949 2039 2325 2126 postremus’
2400 2043 2727 2123 convertit,

378 2145 705 2230 Micipsam
738 2145 1036 2231 Micipsae
1081 2147 1286 2210 filium
1334 2150 1470 2211 eius
1521 2150 1734 2212 animo
1783 2149 2184 2212 obversatum
2232 2167 2366 2211 θεεθ
2409 2150 2472 2209 in
2514 2154 2726 2230 aperto

374 2259 483 2318 est.
578 2253 699 2316 Sed
757 2254 926 2337 quod
983 2274 1314 2338 nunquam
1371 2258 1729 2339 accepimus
1794 2255 2063 2319 alterum
2121 2254 2446 2338 Micipsam
2512 2274 2725 2339 regem

372 2359 713 2424 Numidiae
758 2360 973 2441 fuisse,
1029 2359 1172 2424 luce
1218 2363 1451 2425 clarius
1499 2370 1593 2425 est
1641 2382 1987 2446 pronomen
2036 2362 2374 2425 relativum
2420 2362 2497 2424 ad
2547 2360 2724 2423 Mici-

373 2489 547 2552 psam
589 2474 828 2553 patrem
876 2469 1272 2532 referendum
1323 2489 1477 2551 esse,
1525 2479 1671 2533 nota
1722 2490 1867 2555 ergo
1916 2491 2104 2554 quam
2155 2469 2541 2533 validissima
2585 2475 2727 2552 post

376 2572 697 2663 Μικίψαν
743 2595 877 2640 θεεθ
925 2578 1460 2661 distinguendum.
1537 2577 1827 2641 Ceterum
1878 2585 2069 2640 totam
2111 2578 2274 2640 hanc
2310 2596 2443 2639 rem
2474 2576 2724 2639 silentio

373 2686 826 2769 praeterissem,
872 2684 996 2747 nisi
1041 2682 1472 2747 Ludovicus
1520 2682 1997 2765 DindorfiuS,
2046 2704 2429 2767 quamquam
2478 2684 2544 2745 in
2594 2704 2722 2745 ma-

363 2794 505 2880 iore
551 2789 813 2854 Diodori
861 2790 1188 2872 editione²)
1235 2799 1473 2874 puncto
1519 2810 1676 2854 usus
1733 2797 1884 2874 erat,
1943 2791 2168 2854 calami
2225 2790 2486 2854 fortasse
2541 2790 2722 2874 lapsu

376 2900 444 2960 in
489 2899 762 2961 editione
807 2899 1102 2977 minore⁸)
1151 2916 1396 2960 comma
1440 2900 1770 2982 posuisset.
1864 2898 1985 2963 Sed
2034 2898 2158 2961 alia
2203 2905 2264 2961 et
2311 2897 2420 2960 illa
2466 2898 2719 2981 quidem

379 3006 663 3088 graviora
710 3004 892 3068 nobis
939 3005 1203 3068 dicenda
1249 3013 1417 3070 sunt.
1512 3006 1642 3069 Suo
1690 3009 1856 3068 enim
1904 3010 2044 3069 iure
2090 3004 2551 3087 Wesselingius
2596 3003 2636 3070 l.
2684 3005 2722 3066 l.

377 3132 435 3195 p.
495 3113 616 3175 351
677 3113 911 3175 mirum
972 3131 1107 3176 θεεθ
1163 3117 1376 3176 censet
1436 3112 1811 3176 Sallustium
1865 3115 1930 3175 in
1988 3112 2205 3175 liberis
2262 3110 2562 3195 Micipsae
2618 3112 2722 3174 de—

377 3219 723 3283 scribendis
761 3225 1135 3304 occupatum
1173 3220 1250 3283 de
1270 3221 1386 3282 hoo
1408 3219 1670 3303 Micipsa
1707 3239 1967 3304 prorsus
2001 3220 2272 3282 tacuisse
2306 3217 2454 3281 belli
2482 3216 2720 3302 Jugur-
2752 3288 2758 3294 ,

378 3327 536 3390 thini
592 3329 794 3412 capite
850 3329 1089 3411 quinto.
1181 3326 1240 3389 N
1244 3346 1313 3390 ec
1367 3327 1727 3391 mehercule
1791 3328 1859 3390 in
1926 3327 2056 3389 ullo
2115 3325 2499 3388 Graecarum
2555 3324 2721 3387 Lati-

371 3453 730 3524 narumque
777 3434 1127 3498 litterarum
1191 3443 1632 3518 monumentO,
1693 3436 1984 3519 quamvis
2039 3431 2259 3496 sedulo
2317 3433 2723 3516 quaesiveris,

384 3540 706 3625 Micipsam
773 3544 968 3605 istum
1050 3548 1203 3605 natu
1269 3545 1580 3605 minorem
1648 3546 1879 3605 iterum
1944 3542 2216 3625 reperies
2285 3548 2720 3604 memoratum.

379 3650 656 3732 Accedit,
703 3655 774 3712 ut
810 3647 1181 3714 Dindorfius
1226 3641 1665 3736 πρεσβύτατον
1710 3650 1999 3712 editionis
2046 3666 2198 3711 suae
2242 3638 2506 3710 minoris
2550 3666 2724 3708 mera

378 3759 735 3820 coniectura
799 3762 1124 3820 assecutus
1193 3775 1329 3820 esse
1400 3756 1752 3834 videatur3-
1810 3775 1961 3818 nam
2024 3760 2085 3818 et
2149 3757 2283 3838 ipse
2350 3756 2414 3816 in
2486 3755 2723 3816 maiore

379 3863 651 3927 editione
688 3871 749 3927 et
785 3862 1245 3946 Wesselingius
1283 3864 1584 3927 exhibent
1621 3857 2040 3950 πρεσβύτερον
2081 3861 2257 3924 nulla
2294 3862 2469 3923 varia
2512 3860 2722 3923 addita

560 4040 597 4104 ¹)
638 4038 782 4092 Diod
836 4055 905 4091 ex
943 4053 1150 4092 recens,
1191 4038 1339 4093 Petri
1379 4039 1723 4109 Wesselingii
1764 4038 1900 4093 1809
1939 4037 2041 4092 vol.
2080 4036 2136 4090 X
2174 4054 2222 4106 p.
2267 4036 2384 4091 138.

557 4128 598 4194 ¹)
636 4128 784 4181 Diod
837 4144 907 4181 ex
943 4143 1149 4181 recens.
1188 4128 1389 4182 Ludov.
1428 4129 1694 4182 Dindorfii
1729 4127 1831 4181 vol.
1856 4128 1930 4195 H,
1968 4128 2001 4180 2
2044 4126 2181 4182 1829
2207 4143 2257 4200 p.
2287 4125 2405 4180 149.
2481 4123 2521 4194 ⁸)
2560 4123 2720 4180 Diod.

381 4234 451 4270 ex
487 4233 692 4271 recens·
730 4217 930 4271 Ludov,
968 4217 1235 4272 Dindorfii
1273 4217 1375 4270 vol.
1416 4218 1461 4271 V
1506 4217 1644 4272 1868
1681 4234 1729 4288 p.
1772 4216 1889 4272 118.
