<?xml version="1.0" encoding="UTF-8"?>
<!DOCTYPE html PUBLIC "-//W3C//DTD XHTML 1.0 Transitional//EN"
    "http://www.w3.org/TR/xhtml1/DTD/xhtml1-transitional.dtd">
<html xmlns="http://www.w3.org/1999/xhtml" xml:lang="en" lang="en">
 <head>
  <title>
</title>
<meta http-equiv="Content-Type" content="text/html;charset=utf-8" />
  <meta name='ocr-system' content='tesseract 3.04.00' />
  <meta name='ocr-capabilities' content='ocr_page ocr_carea ocr_par ocr_line ocrx_word'/>
</head>
<body>
  <div class='ocr_page' id='page_1' title='image "./quaestionumplut00kindgoog_0042.png"; bbox 0 0 3217 4900; ppageno 0'>
   <div class='ocr_carea' id='block_1_1' title="bbox 1367 305 1806 369">
    <p class='ocr_par' dir='ltr' id='par_1_1' title="bbox 1367 305 1806 369">
     <span class='ocr_line' id='line_1_1' title="bbox 1367 305 1806 369; baseline 0.005 -17"><span class='ocrx_word' id='word_1_1' title='bbox 1367 305 1806 369; x_wconf 67' lang='lat'>...38-</span> 
     </span>
    </p>
   </div>
   <div class='ocr_carea' id='block_1_2' title="bbox 415 481 2779 2706">
    <p class='ocr_par' dir='ltr' id='par_1_2' title="bbox 415 481 2772 1212">
     <span class='ocr_line' id='line_1_2' title="bbox 418 481 2771 568; baseline -0.001 -19"><span class='ocrx_word' id='word_1_2' title='bbox 418 481 799 550; x_wconf 89' lang='lat' dir='ltr'>Posidonius</span> <span class='ocrx_word' id='word_1_3' title='bbox 844 487 949 568; x_wconf 84' lang='lat' dir='ltr'>ait,</span> <span class='ocrx_word' id='word_1_4' title='bbox 994 481 1316 552; x_wconf 76' lang='grc' dir='ltr'><strong><em>ἒπίθετον.</em></strong></span> <span class='ocrx_word' id='word_1_5' title='bbox 1390 483 1681 550; x_wconf 86' lang='lat' dir='ltr'>Ceterum</span> <span class='ocrx_word' id='word_1_6' title='bbox 1729 485 1846 548; x_wconf 86' lang='lat' dir='ltr'>hoc</span> <span class='ocrx_word' id='word_1_7' title='bbox 1882 484 2021 548; x_wconf 94' lang='lat' dir='ltr'>loco</span> <span class='ocrx_word' id='word_1_8' title='bbox 2059 483 2309 548; x_wconf 88' lang='lat' dir='ltr'>Bauero</span> <span class='ocrx_word' id='word_1_9' title='bbox 2349 484 2403 547; x_wconf 91' lang='lat' dir='ltr'>is</span> <span class='ocrx_word' id='word_1_10' title='bbox 2439 502 2613 547; x_wconf 90' lang='lat' dir='ltr'>error</span> <span class='ocrx_word' id='word_1_11' title='bbox 2649 481 2771 547; x_wconf 88' lang='lat' dir='ltr'>eri-</span> 
     </span>
     <span class='ocr_line' id='line_1_3' title="bbox 415 592 2770 677; baseline -0.002 -21"><span class='ocrx_word' id='word_1_12' title='bbox 415 595 687 677; x_wconf 90' lang='lat' dir='ltr'>piendus</span> <span class='ocrx_word' id='word_1_13' title='bbox 733 601 843 674; x_wconf 89' lang='lat' dir='ltr'>est,</span> <span class='ocrx_word' id='word_1_14' title='bbox 892 613 1019 677; x_wconf 91' lang='lat' dir='ltr'>quo</span> <span class='ocrx_word' id='word_1_15' title='bbox 1065 594 1294 657; x_wconf 91' lang='lat' dir='ltr'>ductus</span> <span class='ocrx_word' id='word_1_16' title='bbox 1342 613 1396 675; x_wconf 88' lang='lat' dir='ltr'>p.</span> <span class='ocrx_word' id='word_1_17' title='bbox 1446 593 1575 655; x_wconf 85' lang='lat'>245</span> <span class='ocrx_word' id='word_1_18' title='bbox 1626 593 1663 654; x_wconf 93' lang='lat' dir='ltr'>l.</span> <span class='ocrx_word' id='word_1_19' title='bbox 1715 593 1753 655; x_wconf 92' lang='lat'>9</span> <span class='ocrx_word' id='word_1_20' title='bbox 1800 597 2157 656; x_wconf 83' lang='lat' dir='ltr'>extremum</span> <span class='ocrx_word' id='word_1_21' title='bbox 2206 597 2397 676; x_wconf 89' lang='lat' dir='ltr'>caput</span> <span class='ocrx_word' id='word_1_22' title='bbox 2440 593 2533 654; x_wconf 92' lang='lat' dir='ltr'>sic</span> <span class='ocrx_word' id='word_1_23' title='bbox 2576 592 2770 653; x_wconf 88' lang='lat' dir='ltr'>inter—</span> 
     </span>
     <span class='ocr_line' id='line_1_4' title="bbox 416 694 2764 785; baseline -0.002 -21"><span class='ocrx_word' id='word_1_24' title='bbox 416 707 697 785; x_wconf 90' lang='lat' dir='ltr'>pretatus</span> <span class='ocrx_word' id='word_1_25' title='bbox 753 707 873 764; x_wconf 86' lang='lat' dir='ltr'>est:</span> <span class='ocrx_word' id='word_1_26' title='bbox 933 702 1114 783; x_wconf 78' lang='lat' dir='ltr'>,clazu</span> <span class='ocrx_word' id='word_1_27' title='bbox 1158 700 1319 783; x_wconf 68' lang='lat' dir='ltr'>gabe</span> <span class='ocrx_word' id='word_1_28' title='bbox 1368 699 1941 781; x_wconf 74' lang='lat' dir='ltr'>Ungewohnliches</span> <span class='ocrx_word' id='word_1_29' title='bbox 1987 697 2204 782; x_wconf 65' lang='lat' dir='ltr'>haufig</span> <span class='ocrx_word' id='word_1_30' title='bbox 2249 694 2764 779; x_wconf 76' lang='lat' dir='ltr'>Veranlassung’.</span> 
     </span>
     <span class='ocr_line' id='line_1_5' title="bbox 417 805 2770 891; baseline -0.002 -20"><span class='ocrx_word' id='word_1_31' title='bbox 417 807 644 891; x_wconf 90' lang='lat' dir='ltr'>Neque</span> <span class='ocrx_word' id='word_1_32' title='bbox 683 811 854 871; x_wconf 90' lang='lat' dir='ltr'>enim</span> <span class='ocrx_word' id='word_1_33' title='bbox 892 807 1291 889; x_wconf 81' lang='lat' dir='ltr'>PlutarchuS,</span> <span class='ocrx_word' id='word_1_34' title='bbox 1341 808 1491 891; x_wconf 91' lang='lat' dir='ltr'>quid</span> <span class='ocrx_word' id='word_1_35' title='bbox 1537 807 1915 871; x_wconf 83' lang='lat' dir='ltr'>Posidonius</span> <span class='ocrx_word' id='word_1_36' title='bbox 1954 807 2204 889; x_wconf 83' lang='lat' dir='ltr'>dixerit,</span> <span class='ocrx_word' id='word_1_37' title='bbox 2251 806 2455 879; x_wconf 81' lang='lat' dir='ltr'>refert,</span> <span class='ocrx_word' id='word_1_38' title='bbox 2503 805 2613 869; x_wconf 91' lang='lat' dir='ltr'>sed</span> <span class='ocrx_word' id='word_1_39' title='bbox 2653 824 2770 869; x_wconf 91' lang='lat' dir='ltr'>sua</span> 
     </span>
     <span class='ocr_line' id='line_1_6' title="bbox 417 912 2772 998; baseline -0.001 -21"><span class='ocrx_word' id='word_1_40' title='bbox 417 916 552 998; x_wconf 92' lang='lat' dir='ltr'>ipse</span> <span class='ocrx_word' id='word_1_41' title='bbox 597 915 789 979; x_wconf 82' lang='lat' dir='ltr'>verba</span> <span class='ocrx_word' id='word_1_42' title='bbox 837 915 1054 978; x_wconf 83' lang='lat' dir='ltr'><strong>scribit</strong></span> <span class='ocrx_word' id='word_1_43' title='bbox 1106 952 1185 960; x_wconf 94' lang='lat'>—</span> <span class='ocrx_word' id='word_1_44' title='bbox 1233 915 1297 977; x_wconf 90' lang='lat' dir='ltr'>id</span> <span class='ocrx_word' id='word_1_45' title='bbox 1347 914 1515 997; x_wconf 91' lang='lat' dir='ltr'>quod</span> <span class='ocrx_word' id='word_1_46' title='bbox 1564 916 1689 978; x_wconf 89' lang='lat' dir='ltr'>iam</span> <span class='ocrx_word' id='word_1_47' title='bbox 1751 914 2177 978; x_wconf 87' lang='lat' dir='ltr'>Arnoldius</span> <span class='ocrx_word' id='word_1_48' title='bbox 2194 917 2240 995; x_wconf 92' lang='lat'>1)</span> <span class='ocrx_word' id='word_1_49' title='bbox 2285 920 2452 977; x_wconf 80' lang='lat' dir='ltr'>recte</span> <span class='ocrx_word' id='word_1_50' title='bbox 2497 912 2772 996; x_wconf 82' lang='lat' dir='ltr'>explica-</span> 
     </span>
     <span class='ocr_line' id='line_1_7' title="bbox 419 1019 2770 1105; baseline -0.001 -22"><span class='ocrx_word' id='word_1_51' title='bbox 419 1024 527 1087; x_wconf 84' lang='lat' dir='ltr'>vit.</span> <span class='ocrx_word' id='word_1_52' title='bbox 596 1021 821 1105; x_wconf 90' lang='lat' dir='ltr'>Itaque</span> <span class='ocrx_word' id='word_1_53' title='bbox 867 1024 958 1086; x_wconf 91' lang='lat' dir='ltr'>sic</span> <span class='ocrx_word' id='word_1_54' title='bbox 1002 1028 1242 1085; x_wconf 85' lang='lat' dir='ltr'>vertas:</span> <span class='ocrx_word' id='word_1_55' title='bbox 1293 1023 1525 1104; x_wconf 87' lang='lat' dir='ltr'>,Atque</span> <span class='ocrx_word' id='word_1_56' title='bbox 1571 1029 1798 1084; x_wconf 75' lang='lat' dir='ltr'>contra</span> <span class='ocrx_word' id='word_1_57' title='bbox 1836 1022 1999 1085; x_wconf 90' lang='lat' dir='ltr'>hanc</span> <span class='ocrx_word' id='word_1_58' title='bbox 2034 1019 2357 1085; x_wconf 86' lang='lat' dir='ltr'>Posidonii</span> <span class='ocrx_word' id='word_1_59' title='bbox 2396 1021 2770 1083; x_wconf 89' lang='lat' dir='ltr'>sententiam</span> 
     </span>
     <span class='ocr_line' id='line_1_8' title="bbox 423 1126 2585 1212; baseline 0 -20"><span class='ocrx_word' id='word_1_60' title='bbox 423 1129 622 1192; x_wconf 89' lang='lat' dir='ltr'>multa</span> <span class='ocrx_word' id='word_1_61' title='bbox 668 1129 1049 1212; x_wconf 80' lang='lat' dir='ltr'>praebentur</span> <span class='ocrx_word' id='word_1_62' title='bbox 1093 1133 1465 1211; x_wconf 87' lang='lat' dir='ltr'>argumenta</span> <span class='ocrx_word' id='word_1_63' title='bbox 1512 1128 1992 1192; x_wconf 81' lang='lat' dir='ltr'>consuetudinis</span> <span class='ocrx_word' id='word_1_64' title='bbox 2036 1126 2585 1211; x_wconf 88' lang='lat' dir='ltr'>inaequabilitate‘.</span> 
     </span>
    </p>

    <p class='ocr_par' dir='ltr' id='par_1_3' title="bbox 419 1233 2779 2706">
     <span class='ocr_line' id='line_1_9' title="bbox 597 1233 2772 1321; baseline -0.003 -19"><span class='ocrx_word' id='word_1_65' title='bbox 597 1234 769 1302; x_wconf 71' lang='lat' dir='ltr'>Harl</span> <span class='ocrx_word' id='word_1_66' title='bbox 819 1237 1038 1321; x_wconf 78' lang='lat' dir='ltr'>caput</span> <span class='ocrx_word' id='word_1_67' title='bbox 1081 1233 1474 1302; x_wconf 81' lang='lat' dir='ltr'>secundum</span> <span class='ocrx_word' id='word_1_68' title='bbox 1527 1234 2095 1318; x_wconf 77' lang='lat' dir='ltr'>Muellenhoffius2)</span> <span class='ocrx_word' id='word_1_69' title='bbox 2143 1235 2428 1298; x_wconf 82' lang='lat' dir='ltr'>attribuit</span> <span class='ocrx_word' id='word_1_70' title='bbox 2465 1233 2772 1297; x_wconf 90' lang='lat' dir='ltr'>Posido-</span> 
     </span>
     <span class='ocr_line' id='line_1_10' title="bbox 421 1340 2771 1427; baseline -0 -24"><span class='ocrx_word' id='word_1_71' title='bbox 421 1345 554 1423; x_wconf 89' lang='lat' dir='ltr'>ni0,</span> <span class='ocrx_word' id='word_1_72' title='bbox 612 1345 721 1427; x_wconf 89' lang='lat' dir='ltr'>qui</span> <span class='ocrx_word' id='word_1_73' title='bbox 778 1363 907 1406; x_wconf 91' lang='lat' dir='ltr'>non</span> <span class='ocrx_word' id='word_1_74' title='bbox 963 1343 1198 1422; x_wconf 89' lang='lat' dir='ltr'>solum,</span> <span class='ocrx_word' id='word_1_75' title='bbox 1257 1349 1644 1426; x_wconf 82' lang='lat' dir='ltr'>quantopere</span> <span class='ocrx_word' id='word_1_76' title='bbox 1699 1343 1933 1426; x_wconf 90' lang='lat' dir='ltr'>cuique</span> <span class='ocrx_word' id='word_1_77' title='bbox 1982 1344 2229 1405; x_wconf 86' lang='lat' dir='ltr'>litterae</span> <span class='ocrx_word' id='word_1_78' title='bbox 2277 1342 2554 1404; x_wconf 83' lang='lat' dir='ltr'>Graecae</span> <span class='ocrx_word' id='word_1_79' title='bbox 2600 1340 2771 1403; x_wconf 89' lang='lat' dir='ltr'>cordi</span> 
     </span>
     <span class='ocr_line' id='line_1_11' title="bbox 420 1449 2773 1533; baseline -0.001 -21"><span class='ocrx_word' id='word_1_80' title='bbox 420 1454 647 1530; x_wconf 82' lang='lat' dir='ltr'>essent,</span> <span class='ocrx_word' id='word_1_81' title='bbox 694 1451 1094 1533; x_wconf 82' lang='lat' dir='ltr'>quaesiverit,</span> <span class='ocrx_word' id='word_1_82' title='bbox 1140 1450 1249 1512; x_wconf 91' lang='lat' dir='ltr'>sed</span> <span class='ocrx_word' id='word_1_83' title='bbox 1297 1452 1486 1513; x_wconf 87' lang='lat' dir='ltr'>etiam</span> <span class='ocrx_word' id='word_1_84' title='bbox 1537 1451 1805 1513; x_wconf 87' lang='lat' dir='ltr'>aliorum</span> <span class='ocrx_word' id='word_1_85' title='bbox 1857 1450 2023 1514; x_wconf 89' lang='lat' dir='ltr'>diota</span> <span class='ocrx_word' id='word_1_86' title='bbox 2070 1451 2337 1513; x_wconf 89' lang='lat' dir='ltr'>orationi</span> <span class='ocrx_word' id='word_1_87' title='bbox 2384 1467 2536 1512; x_wconf 91' lang='lat' dir='ltr'>suae</span> <span class='ocrx_word' id='word_1_88' title='bbox 2580 1449 2773 1510; x_wconf 89' lang='lat' dir='ltr'>inter-</span> 
     </span>
     <span class='ocr_line' id='line_1_12' title="bbox 419 1554 2775 1640; baseline -0.002 -20"><span class='ocrx_word' id='word_1_89' title='bbox 419 1575 654 1640; x_wconf 88' lang='lat' dir='ltr'>ponere</span> <span class='ocrx_word' id='word_1_90' title='bbox 699 1556 923 1620; x_wconf 87' lang='lat' dir='ltr'>solitus</span> <span class='ocrx_word' id='word_1_91' title='bbox 969 1557 1067 1621; x_wconf 91' lang='lat' dir='ltr'>sit.</span> <span class='ocrx_word' id='word_1_92' title='bbox 1143 1557 1226 1619; x_wconf 89' lang='lat' dir='ltr'>At</span> <span class='ocrx_word' id='word_1_93' title='bbox 1273 1559 1496 1620; x_wconf 90' lang='lat' dir='ltr'>merito</span> <span class='ocrx_word' id='word_1_94' title='bbox 1543 1556 1893 1621; x_wconf 90' lang='lat' dir='ltr'>Bauerus</span> <span class='ocrx_word' id='word_1_95' title='bbox 1938 1557 1978 1620; x_wconf 94' lang='lat' dir='ltr'>l.</span> <span class='ocrx_word' id='word_1_96' title='bbox 2026 1558 2065 1623; x_wconf 91' lang='grc'>1,</span> <span class='ocrx_word' id='word_1_97' title='bbox 2111 1577 2170 1640; x_wconf 91' lang='lat' dir='ltr'>p.</span> <span class='ocrx_word' id='word_1_98' title='bbox 2210 1556 2340 1620; x_wconf 84' lang='grc'>268</span> <span class='ocrx_word' id='word_1_99' title='bbox 2378 1577 2438 1621; x_wconf 91' lang='lat' dir='ltr'>n.</span> <span class='ocrx_word' id='word_1_100' title='bbox 2479 1554 2563 1619; x_wconf 84' lang='lat'>36</span> <span class='ocrx_word' id='word_1_101' title='bbox 2602 1555 2775 1617; x_wconf 90' lang='lat' dir='ltr'>illius</span> 
     </span>
     <span class='ocr_line' id='line_1_13' title="bbox 422 1661 2774 1748; baseline -0.001 -22"><span class='ocrx_word' id='word_1_102' title='bbox 422 1669 794 1746; x_wconf 87' lang='lat' dir='ltr'>argumenta</span> <span class='ocrx_word' id='word_1_103' title='bbox 833 1662 1198 1744; x_wconf 81' lang='lat' dir='ltr'>confutavit,</span> <span class='ocrx_word' id='word_1_104' title='bbox 1230 1663 1307 1726; x_wconf 89' lang='lat' dir='ltr'>ad</span> <span class='ocrx_word' id='word_1_105' title='bbox 1340 1665 1523 1727; x_wconf 91' lang='lat' dir='ltr'>cuius</span> <span class='ocrx_word' id='word_1_106' title='bbox 1554 1665 1747 1728; x_wconf 87' lang='lat' dir='ltr'>verba</span> <span class='ocrx_word' id='word_1_107' title='bbox 1780 1683 1895 1748; x_wconf 86' lang='lat' dir='ltr'>ego</span> <span class='ocrx_word' id='word_1_108' title='bbox 1927 1664 2082 1728; x_wconf 89' lang='lat' dir='ltr'>haec</span> <span class='ocrx_word' id='word_1_109' title='bbox 2110 1665 2486 1727; x_wconf 85' lang='lat' dir='ltr'>addiderim:</span> <span class='ocrx_word' id='word_1_110' title='bbox 2523 1661 2774 1725; x_wconf 88' lang='lat' dir='ltr'>Xeno-</span> 
     </span>
     <span class='ocr_line' id='line_1_14' title="bbox 423 1756 2770 1856; baseline -0.002 -22"><span class='ocrx_word' id='word_1_111' title='bbox 423 1771 659 1834; x_wconf 85' lang='lat' dir='ltr'>cratis</span> <span class='ocrx_word' id='word_1_112' title='bbox 706 1788 937 1834; x_wconf 89' lang='lat' dir='ltr'>nomen</span> <span class='ocrx_word' id='word_1_113' title='bbox 985 1789 1131 1834; x_wconf 91' lang='lat' dir='ltr'>cum</span> <span class='ocrx_word' id='word_1_114' title='bbox 1178 1771 1246 1832; x_wconf 88' lang='lat' dir='ltr'>in</span> <span class='ocrx_word' id='word_1_115' title='bbox 1278 1756 1608 1834; x_wconf 57' lang='lat' dir='ltr'>‘Posidonii</span> <span class='ocrx_word' id='word_1_116' title='bbox 1658 1772 1735 1835; x_wconf 92' lang='lat' dir='ltr'>de</span> <span class='ocrx_word' id='word_1_117' title='bbox 1777 1770 2173 1856; x_wconf 85' lang='lat' dir='ltr'>philosophia</span> <span class='ocrx_word' id='word_1_118' title='bbox 2219 1771 2415 1852; x_wconf 91' lang='lat' dir='ltr'>libris,</span> <span class='ocrx_word' id='word_1_119' title='bbox 2462 1775 2770 1854; x_wconf 86' lang='lat' dir='ltr'>quantum</span> 
     </span>
     <span class='ocr_line' id='line_1_15' title="bbox 424 1877 2769 1962; baseline -0.002 -21"><span class='ocrx_word' id='word_1_120' title='bbox 424 1879 857 1961; x_wconf 89' lang='lat' dir='ltr'>perspicimus,</span> <span class='ocrx_word' id='word_1_121' title='bbox 903 1895 983 1940; x_wconf 89' lang='lat' dir='ltr'>ne</span> <span class='ocrx_word' id='word_1_122' title='bbox 1029 1877 1225 1941; x_wconf 91' lang='lat' dir='ltr'>semel</span> <span class='ocrx_word' id='word_1_123' title='bbox 1271 1878 1528 1961; x_wconf 87' lang='lat' dir='ltr'>quidem</span> <span class='ocrx_word' id='word_1_124' title='bbox 1576 1883 1783 1942; x_wconf 79' lang='lat' dir='ltr'>exstet</span> <span class='ocrx_word' id='word_1_125' title='bbox 1827 1897 2035 1962; x_wconf 90' lang='lat' dir='ltr'>neque</span> <span class='ocrx_word' id='word_1_126' title='bbox 2069 1879 2138 1941; x_wconf 89' lang='lat' dir='ltr'>in</span> <span class='ocrx_word' id='word_1_127' title='bbox 2174 1878 2451 1942; x_wconf 90' lang='lat' dir='ltr'>historiis</span> <span class='ocrx_word' id='word_1_128' title='bbox 2487 1878 2769 1940; x_wconf 84' lang='lat' dir='ltr'>invenia-</span> 
     </span>
     <span class='ocr_line' id='line_1_16' title="bbox 423 1983 2772 2069; baseline 0 -23"><span class='ocrx_word' id='word_1_129' title='bbox 423 1994 547 2064; x_wconf 90' lang='lat' dir='ltr'>tur,</span> <span class='ocrx_word' id='word_1_130' title='bbox 583 2005 621 2047; x_wconf 90' lang='lat' dir='ltr'>a</span> <span class='ocrx_word' id='word_1_131' title='bbox 658 1983 1017 2064; x_wconf 81' lang='lat' dir='ltr'>PlutarchO,</span> <span class='ocrx_word' id='word_1_132' title='bbox 1052 1990 1126 2048; x_wconf 90' lang='lat' dir='ltr'>ut</span> <span class='ocrx_word' id='word_1_133' title='bbox 1163 1985 1542 2048; x_wconf 86' lang='lat' dir='ltr'>Academico</span> <span class='ocrx_word' id='word_1_134' title='bbox 1578 1984 1970 2068; x_wconf 91' lang='lat' dir='ltr'>philosopho,</span> <span class='ocrx_word' id='word_1_135' title='bbox 2006 1987 2370 2069; x_wconf 85' lang='lat' dir='ltr'>saepissime</span> <span class='ocrx_word' id='word_1_136' title='bbox 2405 1984 2772 2061; x_wconf 80' lang='lat' dir='ltr'>laudatur.⁸)</span> 
     </span>
     <span class='ocr_line' id='line_1_17' title="bbox 425 2090 2773 2175; baseline -0.001 -22"><span class='ocrx_word' id='word_1_137' title='bbox 425 2090 692 2154; x_wconf 81' lang='lat' dir='ltr'>Maximi</span> <span class='ocrx_word' id='word_1_138' title='bbox 738 2097 946 2154; x_wconf 90' lang='lat' dir='ltr'>autem</span> <span class='ocrx_word' id='word_1_139' title='bbox 999 2093 1298 2155; x_wconf 87' lang='lat' dir='ltr'>momenti</span> <span class='ocrx_word' id='word_1_140' title='bbox 1347 2100 1458 2173; x_wconf 89' lang='lat' dir='ltr'>est,</span> <span class='ocrx_word' id='word_1_141' title='bbox 1509 2092 1678 2175; x_wconf 91' lang='lat' dir='ltr'>quod</span> <span class='ocrx_word' id='word_1_142' title='bbox 1727 2092 1946 2155; x_wconf 87' lang='lat' dir='ltr'>eadem</span> <span class='ocrx_word' id='word_1_143' title='bbox 1994 2093 2073 2156; x_wconf 87' lang='lat' dir='ltr'>de</span> <span class='ocrx_word' id='word_1_144' title='bbox 2109 2091 2471 2155; x_wconf 86' lang='lat' dir='ltr'>Xenocrate</span> <span class='ocrx_word' id='word_1_145' title='bbox 2509 2091 2773 2152; x_wconf 87' lang='lat' dir='ltr'>narrati-</span> 
     </span>
     <span class='ocr_line' id='line_1_18' title="bbox 423 2197 2777 2282; baseline -0.001 -22"><span class='ocrx_word' id='word_1_146' title='bbox 423 2197 657 2262; x_wconf 87' lang='lat' dir='ltr'>uncula</span> <span class='ocrx_word' id='word_1_147' title='bbox 714 2200 944 2281; x_wconf 89' lang='lat' dir='ltr'>scripta</span> <span class='ocrx_word' id='word_1_148' title='bbox 999 2205 1094 2261; x_wconf 88' lang='lat' dir='ltr'>est</span> <span class='ocrx_word' id='word_1_149' title='bbox 1141 2197 1314 2260; x_wconf 88' lang='lat' dir='ltr'>Coni.</span> <span class='ocrx_word' id='word_1_150' title='bbox 1374 2218 1576 2282; x_wconf 88' lang='lat' dir='ltr'>praec.</span> <span class='ocrx_word' id='word_1_151' title='bbox 1635 2219 1685 2261; x_wconf 92' lang='lat' dir='ltr'>c.</span> <span class='ocrx_word' id='word_1_152' title='bbox 1730 2200 1815 2262; x_wconf 84' lang='lat'>28</span> <span class='ocrx_word' id='word_1_153' title='bbox 1870 2219 1929 2282; x_wconf 89' lang='lat' dir='ltr'>p.</span> <span class='ocrx_word' id='word_1_154' title='bbox 1990 2200 2111 2262; x_wconf 91' lang='lat'>141</span> <span class='ocrx_word' id='word_1_155' title='bbox 2157 2198 2222 2262; x_wconf 87' lang='lat' dir='ltr'>F.</span> <span class='ocrx_word' id='word_1_156' title='bbox 2273 2197 2449 2274; x_wconf 76' lang='lat' dir='ltr'>Quae</span> <span class='ocrx_word' id='word_1_157' title='bbox 2495 2217 2639 2259; x_wconf 89' lang='lat' dir='ltr'>cum</span> <span class='ocrx_word' id='word_1_158' title='bbox 2686 2197 2777 2258; x_wconf 88' lang='lat' dir='ltr'>ita</span> 
     </span>
     <span class='ocr_line' id='line_1_19' title="bbox 424 2304 2776 2389; baseline -0.001 -23"><span class='ocrx_word' id='word_1_159' title='bbox 424 2306 579 2385; x_wconf 88' lang='lat' dir='ltr'>sint,</span> <span class='ocrx_word' id='word_1_160' title='bbox 636 2324 762 2367; x_wconf 90' lang='lat' dir='ltr'>non</span> <span class='ocrx_word' id='word_1_161' title='bbox 823 2313 916 2368; x_wconf 86' lang='lat' dir='ltr'>est</span> <span class='ocrx_word' id='word_1_162' title='bbox 972 2304 1418 2385; x_wconf 74' lang='lat' dir='ltr'>dubitandum,</span> <span class='ocrx_word' id='word_1_163' title='bbox 1475 2307 1631 2389; x_wconf 88' lang='lat' dir='ltr'>quin</span> <span class='ocrx_word' id='word_1_164' title='bbox 1688 2305 2151 2369; x_wconf 89' lang='lat' dir='ltr'>Plutarchus</span> <span class='ocrx_word' id='word_1_165' title='bbox 2206 2308 2366 2388; x_wconf 90' lang='lat' dir='ltr'>ipse</span> <span class='ocrx_word' id='word_1_166' title='bbox 2420 2304 2538 2367; x_wconf 92' lang='lat' dir='ltr'>hoc</span> <span class='ocrx_word' id='word_1_167' title='bbox 2583 2304 2776 2365; x_wconf 91' lang='lat' dir='ltr'>simili</span> 
     </span>
     <span class='ocr_line' id='line_1_20' title="bbox 429 2411 2776 2499; baseline -0.001 -24"><span class='ocrx_word' id='word_1_168' title='bbox 429 2429 586 2476; x_wconf 89' lang='lat' dir='ltr'>usus</span> <span class='ocrx_word' id='word_1_169' title='bbox 632 2412 727 2475; x_wconf 90' lang='lat' dir='ltr'>sit.</span> <span class='ocrx_word' id='word_1_170' title='bbox 813 2411 1022 2496; x_wconf 89' lang='lat' dir='ltr'>Ipsam</span> <span class='ocrx_word' id='word_1_171' title='bbox 1070 2431 1222 2478; x_wconf 84' lang='lat' dir='ltr'>vero</span> <span class='ocrx_word' id='word_1_172' title='bbox 1267 2412 1561 2477; x_wconf 87' lang='lat' dir='ltr'>fabellam</span> <span class='ocrx_word' id='word_1_173' title='bbox 1610 2414 2009 2499; x_wconf 82' lang='lat' dir='ltr'>deprompsit,</span> <span class='ocrx_word' id='word_1_174' title='bbox 2056 2418 2130 2476; x_wconf 89' lang='lat' dir='ltr'>ut</span> <span class='ocrx_word' id='word_1_175' title='bbox 2172 2413 2330 2475; x_wconf 90' lang='lat' dir='ltr'>mihi</span> <span class='ocrx_word' id='word_1_176' title='bbox 2379 2411 2634 2495; x_wconf 90' lang='lat' dir='ltr'>quidem</span> <span class='ocrx_word' id='word_1_177' title='bbox 2682 2411 2776 2472; x_wconf 88' lang='lat' dir='ltr'>vi-</span> 
     </span>
     <span class='ocr_line' id='line_1_21' title="bbox 423 2517 2779 2604; baseline -0.001 -21"><span class='ocrx_word' id='word_1_178' title='bbox 423 2520 633 2600; x_wconf 88' lang='lat' dir='ltr'>detur,</span> <span class='ocrx_word' id='word_1_179' title='bbox 688 2538 723 2582; x_wconf 98' lang='lat' dir='ltr'>e</span> <span class='ocrx_word' id='word_1_180' title='bbox 779 2519 1344 2604; x_wconf 85' lang='lat' dir='ltr'>Peripateticorum</span> <span class='ocrx_word' id='word_1_181' title='bbox 1401 2522 1501 2585; x_wconf 83' lang='lat' dir='ltr'>vel</span> <span class='ocrx_word' id='word_1_182' title='bbox 1559 2523 2083 2586; x_wconf 86' lang='lat' dir='ltr'>Academicorum</span> <span class='ocrx_word' id='word_1_183' title='bbox 2141 2520 2393 2600; x_wconf 87' lang='lat' dir='ltr'>litteris,</span> <span class='ocrx_word' id='word_1_184' title='bbox 2449 2538 2484 2582; x_wconf 99' lang='lat' dir='ltr'>e</span> <span class='ocrx_word' id='word_1_185' title='bbox 2540 2517 2779 2602; x_wconf 90' lang='lat' dir='ltr'>quibus</span> 
     </span>
     <span class='ocr_line' id='line_1_22' title="bbox 423 2625 2195 2706; baseline 0 -16"><span class='ocrx_word' id='word_1_186' title='bbox 423 2628 613 2690; x_wconf 88' lang='lat' dir='ltr'>etiam</span> <span class='ocrx_word' id='word_1_187' title='bbox 659 2625 759 2689; x_wconf 93' lang='lat' dir='ltr'>Di.</span> <span class='ocrx_word' id='word_1_188' title='bbox 798 2626 901 2689; x_wconf 88' lang='lat' dir='ltr'>La.</span> <span class='ocrx_word' id='word_1_189' title='bbox 944 2627 1057 2706; x_wconf 86' lang='lat' dir='ltr'>IV,</span> <span class='ocrx_word' id='word_1_190' title='bbox 1106 2628 1144 2690; x_wconf 83' lang='lat'><strong>6</strong></span> <span class='ocrx_word' id='word_1_191' title='bbox 1191 2627 1459 2692; x_wconf 86' lang='lat' dir='ltr'>fluxisse</span> <span class='ocrx_word' id='word_1_192' title='bbox 1507 2629 2040 2692; x_wconf 84' lang='lat' dir='ltr'>verisimillimum</span> <span class='ocrx_word' id='word_1_193' title='bbox 2086 2631 2195 2690; x_wconf 89' lang='lat' dir='ltr'>est.</span> 
     </span>
    </p>
   </div>
   <div class='ocr_carea' id='block_1_3' title="bbox 537 2765 2631 2836">
    <p class='ocr_par' dir='ltr' id='par_1_4' title="bbox 537 2765 2631 2836">
     <span class='ocr_line' id='line_1_23' title="bbox 537 2765 2631 2836; baseline -0 -18"><span class='ocrx_word' id='word_1_194' title='bbox 537 2765 706 2819; x_wconf 84' lang='lat' dir='ltr'>Plut.</span> <span class='ocrx_word' id='word_1_195' title='bbox 743 2765 895 2819; x_wconf 85' lang='lat' dir='ltr'>Mar.</span> <span class='ocrx_word' id='word_1_196' title='bbox 935 2784 979 2820; x_wconf 88' lang='lat' dir='ltr'>c.</span> <span class='ocrx_word' id='word_1_197' title='bbox 1019 2767 1052 2819; x_wconf 83' lang='lat'>2</span> <span class='ocrx_word' id='word_1_198' title='bbox 1226 2767 1977 2836; x_wconf 82' lang='lat' dir='ltr'>Plut.Coni.praec.c.28</span> <span class='ocrx_word' id='word_1_199' title='bbox 2178 2769 2270 2822; x_wconf 92' lang='lat' dir='ltr'>Di.</span> <span class='ocrx_word' id='word_1_200' title='bbox 2309 2768 2409 2822; x_wconf 87' lang='lat' dir='ltr'>La.</span> <span class='ocrx_word' id='word_1_201' title='bbox 2447 2766 2542 2833; x_wconf 87' lang='lat' dir='ltr'>IV,</span> <span class='ocrx_word' id='word_1_202' title='bbox 2582 2767 2631 2820; x_wconf 82' lang='lat'>6.</span> 
     </span>
    </p>
   </div>
   <div class='ocr_carea' id='block_1_4' title="bbox 359 2864 2780 3658">
    <p class='ocr_par' dir='ltr' id='par_1_5' title="bbox 359 2864 2780 3480">
     <span class='ocr_line' id='line_1_24' title="bbox 498 2864 2780 2947; baseline -0.002 -18"><span class='ocrx_word' id='word_1_203' title='bbox 498 2867 853 2942; x_wconf 80' lang='grc' dir='ltr'><strong><em>Ξενοκράτει</em></strong></span> <span class='ocrx_word' id='word_1_204' title='bbox 894 2878 975 2946; x_wconf 78' lang='grc' dir='ltr'>τῷ</span> <span class='ocrx_word' id='word_1_205' title='bbox 1015 2876 1170 2942; x_wconf 83' lang='grc' dir='ltr'><strong><em>φιλο·</em></strong></span> <span class='ocrx_word' id='word_1_206' title='bbox 1290 2870 1348 2928; x_wconf 85' lang='grc' dir='ltr'><strong><em>Ὁ</em></strong></span> <span class='ocrx_word' id='word_1_207' title='bbox 1389 2869 1635 2928; x_wconf 80' lang='grc' dir='ltr'><em>Πλάτων</em></span> <span class='ocrx_word' id='word_1_208' title='bbox 1679 2877 1763 2947; x_wconf 78' lang='grc' dir='ltr'>τῷ</span> <span class='ocrx_word' id='word_1_209' title='bbox 1801 2875 1975 2932; x_wconf 82' lang='grc' dir='ltr'><strong><em>Ξενο-</em></strong></span> <span class='ocrx_word' id='word_1_210' title='bbox 2103 2871 2330 2943; x_wconf 81' lang='grc' dir='ltr'><strong><em>Σεμνὸς</em></strong></span> <span class='ocrx_word' id='word_1_211' title='bbox 2383 2870 2453 2927; x_wconf 85' lang='grc' dir='ltr'>τά</span> <span class='ocrx_word' id='word_1_212' title='bbox 2510 2891 2572 2926; x_wconf 84' lang='grc' dir='ltr'>τε</span> <span class='ocrx_word' id='word_1_213' title='bbox 2635 2864 2780 2925; x_wconf 79' lang='grc' dir='ltr'><em>ἄλλα</em></span> 
     </span>
     <span class='ocr_line' id='line_1_25' title="bbox 427 2952 2778 3036; baseline -0 -21"><span class='ocrx_word' id='word_1_214' title='bbox 427 2957 594 3033; x_wconf 85' lang='grc' dir='ltr'><strong><em>σόφῳ</em></strong></span> <span class='ocrx_word' id='word_1_215' title='bbox 701 2961 1173 3036; x_wconf 74' lang='grc' dir='ltr'><strong><em>σκυθρωποτέρῳ</em></strong></span> <span class='ocrx_word' id='word_1_216' title='bbox 1228 2954 1430 3033; x_wconf 84' lang='grc' dir='ltr'><strong><em>κράτει</em></strong></span> <span class='ocrx_word' id='word_1_217' title='bbox 1475 2960 1774 3036; x_wconf 81' lang='grc' dir='ltr'><strong><em>βαρυτέρῳ</em></strong></span> <span class='ocrx_word' id='word_1_218' title='bbox 1812 2959 1878 3018; x_wconf 87' lang='grc' dir='ltr'>τὸ</span> <span class='ocrx_word' id='word_1_219' title='bbox 1916 2952 1974 3033; x_wconf 80' lang='grc' dir='ltr'>ἦ·</span> <span class='ocrx_word' id='word_1_220' title='bbox 2033 2959 2399 3036; x_wconf 83' lang='grc' dir='ltr'><strong><em>Ξενοκράτης</em></strong></span> <span class='ocrx_word' id='word_1_221' title='bbox 2460 2963 2559 3015; x_wconf 79' lang='grc' dir='ltr'>καὶ</span> <span class='ocrx_word' id='word_1_222' title='bbox 2646 2977 2778 3015; x_wconf 81' lang='grc' dir='ltr'><strong><em>σκυ-</em></strong></span> 
     </span>
     <span class='ocr_line' id='line_1_26' title="bbox 426 3041 2780 3125; baseline 0 -22"><span class='ocrx_word' id='word_1_223' title='bbox 426 3054 689 3106; x_wconf 80' lang='grc' dir='ltr'><em>δοκοῦντι</em></span> <span class='ocrx_word' id='word_1_224' title='bbox 727 3048 794 3106; x_wconf 88' lang='grc' dir='ltr'>τὸ</span> <span class='ocrx_word' id='word_1_225' title='bbox 837 3042 984 3124; x_wconf 72' lang='grc' dir='ltr'><strong><em>ἦθος</em></strong></span> <span class='ocrx_word' id='word_1_226' title='bbox 1029 3046 1174 3106; x_wconf 74' lang='grc' dir='ltr'><strong><em>εἶναι</em></strong></span> <span class='ocrx_word' id='word_1_227' title='bbox 1230 3055 1339 3118; x_wconf 77' lang='grc' dir='ltr'>θος</span> <span class='ocrx_word' id='word_1_228' title='bbox 1374 3045 1520 3116; x_wconf 80' lang='grc' dir='ltr'><strong><em>ὄντι,</em></strong></span> <span class='ocrx_word' id='word_1_229' title='bbox 1563 3045 1740 3107; x_wconf 77' lang='grc' dir='ltr'><strong><em>τᾶλλα</em></strong></span> <span class='ocrx_word' id='word_1_230' title='bbox 1778 3051 1839 3107; x_wconf 80' lang='grc' dir='ltr'>δὲ</span> <span class='ocrx_word' id='word_1_231' title='bbox 1876 3071 1975 3107; x_wconf 81' lang='grc' dir='ltr'>κα·</span> <span class='ocrx_word' id='word_1_232' title='bbox 2031 3050 2270 3125; x_wconf 76' lang='grc' dir='ltr'><strong><em>θρωπὸς</em></strong></span> <span class='ocrx_word' id='word_1_233' title='bbox 2296 3049 2411 3115; x_wconf 70' lang='lat' dir='ltr'>del,</span> <span class='ocrx_word' id='word_1_234' title='bbox 2442 3041 2592 3106; x_wconf 66' lang='grc' dir='ltr'><strong><em>ὥστε</em></strong></span> <span class='ocrx_word' id='word_1_235' title='bbox 2622 3046 2780 3122; x_wconf 75' lang='grc' dir='ltr'><strong><em>αὐτῷ</em></strong></span> 
     </span>
     <span class='ocr_line' id='line_1_27' title="bbox 359 3133 2773 3216; baseline -0.001 -22"><span class='ocrx_word' id='word_1_236' title='bbox 359 3211 362 3213; x_wconf 8' lang='grc' dir='ltr'>Ὺ</span> <span class='ocrx_word' id='word_1_237' title='bbox 428 3136 699 3204; x_wconf 76' lang='grc' dir='ltr'><strong><em>πολλάκις</em></strong></span> <span class='ocrx_word' id='word_1_238' title='bbox 748 3136 947 3195; x_wconf 80' lang='grc' dir='ltr'><em>εἰώθει</em></span> <span class='ocrx_word' id='word_1_239' title='bbox 985 3139 1175 3211; x_wconf 63' lang='grc' dir='ltr'><strong><em>λέγειν</em></strong></span> <span class='ocrx_word' id='word_1_240' title='bbox 1229 3146 1309 3215; x_wconf 82' lang='grc' dir='ltr'>λῷ</span> <span class='ocrx_word' id='word_1_241' title='bbox 1337 3137 1603 3216; x_wconf 76' lang='grc' dir='ltr'>κάγαθῷ,</span> <span class='ocrx_word' id='word_1_242' title='bbox 1630 3138 1975 3212; x_wconf 79' lang='grc' dir='ltr'><strong><em>παρεκελεύ-</em></strong></span> <span class='ocrx_word' id='word_1_243' title='bbox 2031 3142 2216 3215; x_wconf 78' lang='grc' dir='ltr'><strong><em>λέγειν</em></strong></span> <span class='ocrx_word' id='word_1_244' title='bbox 2241 3140 2474 3212; x_wconf 81' lang='grc' dir='ltr'><strong><em>συνεχὲς</em></strong></span> <span class='ocrx_word' id='word_1_245' title='bbox 2500 3135 2599 3193; x_wconf 81' lang='grc' dir='ltr'>τὸν</span> <span class='ocrx_word' id='word_1_246' title='bbox 2630 3133 2773 3193; x_wconf 84' lang='grc' dir='ltr'><strong><em>Πλά-</em></strong></span> 
     </span>
     <span class='ocr_line' id='line_1_28' title="bbox 425 3221 2770 3303; baseline -0 -21"><span class='ocrx_word' id='word_1_247' title='bbox 425 3221 456 3283; x_wconf 80' lang='grc' dir='ltr'><em>ὃ</em></span> <span class='ocrx_word' id='word_1_248' title='bbox 500 3225 800 3293; x_wconf 80' lang='grc' dir='ltr'><strong><em>Πλάτων,</em></strong></span> <span class='ocrx_word' id='word_1_249' title='bbox 806 3228 888 3293; x_wconf 86' lang='grc' dir='ltr'>,Ὠ</span> <span class='ocrx_word' id='word_1_250' title='bbox 923 3226 1174 3302; x_wconf 80' lang='grc' dir='ltr'><strong><em>μακάριε</em></strong></span> <span class='ocrx_word' id='word_1_251' title='bbox 1231 3249 1327 3286; x_wconf 80' lang='grc' dir='ltr'>ετο</span> <span class='ocrx_word' id='word_1_252' title='bbox 1361 3227 1528 3286; x_wconf 59' lang='lat' dir='ltr'>&amp;vav</span> <span class='ocrx_word' id='word_1_253' title='bbox 1565 3240 1687 3297; x_wconf 84' lang='grc' dir='ltr'><strong><em>ταῖς</em></strong></span> <span class='ocrx_word' id='word_1_254' title='bbox 1714 3227 1974 3303; x_wconf 83' lang='grc' dir='ltr'><strong><em>Χάρισιν.</em></strong></span> <span class='ocrx_word' id='word_1_255' title='bbox 2031 3252 2202 3296; x_wconf 85' lang='grc' dir='ltr'><strong><em>τωνα,</em></strong></span> <span class='ocrx_word' id='word_1_256' title='bbox 2226 3228 2646 3300; x_wconf 78' lang='grc' dir='ltr'>,,Ξενόκρατες,</span> <span class='ocrx_word' id='word_1_257' title='bbox 2668 3230 2770 3281; x_wconf 72' lang='grc' dir='ltr'>θῦε</span> 
     </span>
     <span class='ocr_line' id='line_1_29' title="bbox 429 3314 2493 3393; baseline -0.001 -18"><span class='ocrx_word' id='word_1_258' title='bbox 429 3314 814 3387; x_wconf 83' lang='grc' dir='ltr'><strong><em>Ξενόκρατες,</em></strong></span> <span class='ocrx_word' id='word_1_259' title='bbox 884 3323 990 3375; x_wconf 78' lang='grc' dir='ltr'>θῦε</span> <span class='ocrx_word' id='word_1_260' title='bbox 1053 3328 1177 3385; x_wconf 86' lang='grc' dir='ltr'><strong><em>ταῖς</em></strong></span> <span class='ocrx_word' id='word_1_261' title='bbox 1227 3321 1386 3389; x_wconf 64' lang='lat' dir='ltr'>Plut„</span> <span class='ocrx_word' id='word_1_262' title='bbox 1495 3322 1562 3375; x_wconf 93' lang='lat' dir='ltr'>de</span> <span class='ocrx_word' id='word_1_263' title='bbox 1658 3326 1788 3375; x_wconf 87' lang='lat' dir='ltr'>rect.</span> <span class='ocrx_word' id='word_1_264' title='bbox 1878 3327 1974 3375; x_wconf 88' lang='lat' dir='ltr'>rat.</span> <span class='ocrx_word' id='word_1_265' title='bbox 2033 3330 2153 3386; x_wconf 84' lang='grc' dir='ltr'><strong><em>ταῖς</em></strong></span> <span class='ocrx_word' id='word_1_266' title='bbox 2191 3317 2493 3393; x_wconf 85' lang='grc' dir='ltr'><strong><em>Χάρισιν.“</em></strong></span> 
     </span>
     <span class='ocr_line' id='line_1_30' title="bbox 428 3398 1977 3480; baseline 0.003 -20"><span class='ocrx_word' id='word_1_267' title='bbox 428 3402 731 3477; x_wconf 82' lang='grc' dir='ltr'><strong><em>Χάρισιν.“</em></strong></span> <span class='ocrx_word' id='word_1_268' title='bbox 1229 3412 1348 3465; x_wconf 88' lang='lat' dir='ltr'>aud.</span> <span class='ocrx_word' id='word_1_269' title='bbox 1372 3428 1418 3466; x_wconf 90' lang='lat' dir='ltr'>c.</span> <span class='ocrx_word' id='word_1_270' title='bbox 1441 3411 1527 3467; x_wconf 86' lang='lat'>18:</span> <span class='ocrx_word' id='word_1_271' title='bbox 1556 3398 1757 3480; x_wconf 82' lang='grc' dir='ltr'><strong><em>ω’σπερ</em></strong></span> <span class='ocrx_word' id='word_1_272' title='bbox 1777 3403 1808 3464; x_wconf 81' lang='grc' dir='ltr'><em>ὃ</em></span> <span class='ocrx_word' id='word_1_273' title='bbox 1827 3412 1977 3465; x_wconf 83' lang='grc' dir='ltr'><strong><em>Κλε-</em></strong></span> 
     </span>
    </p>

    <p class='ocr_par' dir='ltr' id='par_1_6' title="bbox 1226 3495 1981 3658">
     <span class='ocr_line' id='line_1_31' title="bbox 1227 3495 1980 3568; baseline -0.003 -13"><span class='ocrx_word' id='word_1_274' title='bbox 1227 3495 1411 3568; x_wconf 74' lang='grc' dir='ltr'><strong><em>άνθης</em></strong></span> <span class='ocrx_word' id='word_1_275' title='bbox 1464 3501 1563 3553; x_wconf 79' lang='grc' dir='ltr'>καὶ</span> <span class='ocrx_word' id='word_1_276' title='bbox 1615 3495 1980 3568; x_wconf 79' lang='grc' dir='ltr'><strong><em>Ξενοκράτης</em></strong></span> 
     </span>
     <span class='ocr_line' id='line_1_32' title="bbox 1226 3583 1981 3658; baseline 0.005 -18"><span class='ocrx_word' id='word_1_277' title='bbox 1226 3583 1572 3658; x_wconf 80' lang='grc' dir='ltr'><strong><em>βραδύτεροι</em></strong></span> <span class='ocrx_word' id='word_1_278' title='bbox 1675 3588 1981 3652; x_wconf 80' lang='grc' dir='ltr'><strong><em>δοκοῦντες</em></strong></span> 
     </span>
    </p>
   </div>
   <div class='ocr_carea' id='block_1_5' title="bbox 1225 3668 1980 3833">
    <p class='ocr_par' dir='ltr' id='par_1_7' title="bbox 1225 3668 1980 3833">
     <span class='ocr_line' id='line_1_33' title="bbox 1228 3668 1980 3745; baseline -0.003 -15"><span class='ocrx_word' id='word_1_279' title='bbox 1228 3668 1373 3730; x_wconf 73' lang='grc' dir='ltr'><strong><em>εἶναι</em></strong></span> <span class='ocrx_word' id='word_1_280' title='bbox 1412 3677 1529 3728; x_wconf 76' lang='grc' dir='ltr'>τῶν</span> <span class='ocrx_word' id='word_1_281' title='bbox 1567 3678 1980 3745; x_wconf 83' lang='grc' dir='ltr'><strong><em>συσχολαστῶν</em></strong></span> 
     </span>
     <span class='ocr_line' id='line_1_34' title="bbox 1225 3764 1365 3833; baseline -0.014 -15"><span class='ocrx_word' id='word_1_282' title='bbox 1225 3764 1365 3833; x_wconf 82' lang='grc' dir='ltr'><strong><em>κτλ.]</em></strong></span> 
     </span>
    </p>
   </div>
   <div class='ocr_carea' id='block_1_6' title="bbox 429 3868 2783 4010">
    <p class='ocr_par' dir='ltr' id='par_1_8' title="bbox 429 3868 2783 4010">
     <span class='ocr_line' id='line_1_35' title="bbox 611 3868 2783 3940; baseline -0.001 -16"><span class='ocrx_word' id='word_1_283' title='bbox 611 3870 648 3935; x_wconf 85' lang='lat'>¹)</span> <span class='ocrx_word' id='word_1_284' title='bbox 687 3869 744 3924; x_wconf 87' lang='lat' dir='ltr'>C.</span> <span class='ocrx_word' id='word_1_285' title='bbox 781 3869 992 3924; x_wconf 84' lang='lat' dir='ltr'>Frankl.</span> <span class='ocrx_word' id='word_1_286' title='bbox 1031 3869 1248 3937; x_wconf 83' lang='lat' dir='ltr'>Arnold,</span> <span class='ocrx_word' id='word_1_287' title='bbox 1300 3869 1605 3924; x_wconf 78' lang='lat' dir='ltr'>Untersueh</span> <span class='ocrx_word' id='word_1_288' title='bbox 1661 3870 1793 3924; x_wconf 66' lang='lat' dir='ltr'>tiber</span> <span class='ocrx_word' id='word_1_289' title='bbox 1836 3870 1878 3922; x_wconf 92' lang='lat' dir='ltr'><em>T</em></span> <span class='ocrx_word' id='word_1_290' title='bbox 1872 3871 2058 3940; x_wconf 77' lang='lat' dir='ltr'>heoph</span> <span class='ocrx_word' id='word_1_291' title='bbox 2098 3888 2139 3923; x_wconf 82' lang='lat' dir='ltr'>u</span> <span class='ocrx_word' id='word_1_292' title='bbox 2196 3870 2317 3924; x_wconf 87' lang='lat' dir='ltr'>Pos.</span> <span class='ocrx_word' id='word_1_293' title='bbox 2354 3870 2412 3924; x_wconf 89' lang='lat' dir='ltr'>in</span> <span class='ocrx_word' id='word_1_294' title='bbox 2449 3868 2783 3924; x_wconf 82' lang='lat' dir='ltr'>Fleckeiseni</span> 
     </span>
     <span class='ocr_line' id='line_1_36' title="bbox 429 3940 1477 4010; baseline 0.002 -16"><span class='ocrx_word' id='word_1_295' title='bbox 429 3940 617 3994; x_wconf 87' lang='lat' dir='ltr'>Annal.</span> <span class='ocrx_word' id='word_1_296' title='bbox 658 3956 722 3994; x_wconf 90' lang='lat' dir='ltr'>su</span> <span class='ocrx_word' id='word_1_297' title='bbox 722 3940 829 4010; x_wconf 91' lang='lat' dir='ltr'>p.pl</span> <span class='ocrx_word' id='word_1_298' title='bbox 867 3940 1008 3995; x_wconf 88' lang='lat' dir='ltr'>XIII</span> <span class='ocrx_word' id='word_1_299' title='bbox 1047 3942 1230 4009; x_wconf 88' lang='grc'>(1884)</span> <span class='ocrx_word' id='word_1_300' title='bbox 1268 3958 1317 4010; x_wconf 90' lang='lat' dir='ltr'>p.</span> <span class='ocrx_word' id='word_1_301' title='bbox 1361 3940 1477 3996; x_wconf 84' lang='lat'>128.</span> 
     </span>
    </p>
   </div>
   <div class='ocr_carea' id='block_1_7' title="bbox 426 4011 2781 4153">
    <p class='ocr_par' dir='ltr' id='par_1_9' title="bbox 426 4011 2781 4153">
     <span class='ocr_line' id='line_1_37' title="bbox 519 4011 2781 4137; baseline 0.001 -75"><span class='ocrx_word' id='word_1_302' title='bbox 519 4011 735 4137; x_wconf 72' lang='lat'>129²)</span> <span class='ocrx_word' id='word_1_303' title='bbox 683 4012 814 4066; x_wconf 86' lang='lat' dir='ltr'>Karl</span> <span class='ocrx_word' id='word_1_304' title='bbox 861 4012 1205 4079; x_wconf 81' lang='lat' dir='ltr'>Miillenhoff,</span> <span class='ocrx_word' id='word_1_305' title='bbox 1257 4012 1523 4067; x_wconf 61' lang='lat' dir='ltr'>Dent-solae</span> <span class='ocrx_word' id='word_1_306' title='bbox 1569 4014 2080 4078; x_wconf 76' lang='lat' dir='ltr'>Altertumslcundc,</span> <span class='ocrx_word' id='word_1_307' title='bbox 2128 4014 2313 4067; x_wconf 88' lang='lat' dir='ltr'>Berlin</span> <span class='ocrx_word' id='word_1_308' title='bbox 2362 4014 2516 4079; x_wconf 86' lang='lat'>1887,</span> <span class='ocrx_word' id='word_1_309' title='bbox 2563 4011 2667 4065; x_wconf 81' lang='lat' dir='ltr'>vol.</span> <span class='ocrx_word' id='word_1_310' title='bbox 2708 4012 2781 4078; x_wconf 89' lang='grc' dir='ltr'>ΙΙ,</span> 
     </span>
     <span class='ocr_line' id='line_1_38' title="bbox 426 4099 721 4153; baseline 0 -17"><span class='ocrx_word' id='word_1_311' title='bbox 426 4100 476 4153; x_wconf 93' lang='lat' dir='ltr'>p.</span> <span class='ocrx_word' id='word_1_312' title='bbox 657 4099 721 4152; x_wconf 87' lang='lat' dir='ltr'>sq</span> 
     </span>
    </p>
   </div>
   <div class='ocr_carea' id='block_1_8' title="bbox 427 4153 2779 4300">
    <p class='ocr_par' dir='ltr' id='par_1_10' title="bbox 427 4153 2779 4300">
     <span class='ocr_line' id='line_1_39' title="bbox 607 4153 2779 4234; baseline 0 -27"><span class='ocrx_word' id='word_1_313' title='bbox 607 4153 658 4234; x_wconf 82' lang='lat'>⁸)</span> <span class='ocrx_word' id='word_1_314' title='bbox 688 4155 758 4208; x_wconf 85' lang='grc' dir='ltr'>οΙ.</span> <span class='ocrx_word' id='word_1_315' title='bbox 807 4154 951 4208; x_wconf 74' lang='lat' dir='ltr'>Plut.</span> <span class='ocrx_word' id='word_1_316' title='bbox 1001 4154 1143 4210; x_wconf 85' lang='lat' dir='ltr'>Mor.</span> <span class='ocrx_word' id='word_1_317' title='bbox 1200 4172 1414 4225; x_wconf 88' lang='lat' dir='ltr'>recogn.</span> <span class='ocrx_word' id='word_1_318' title='bbox 1470 4156 1830 4211; x_wconf 83' lang='lat' dir='ltr'>Bernardakis</span> <span class='ocrx_word' id='word_1_319' title='bbox 1879 4157 2018 4211; x_wconf 85' lang='lat'>1896</span> <span class='ocrx_word' id='word_1_320' title='bbox 2071 4156 2175 4211; x_wconf 81' lang='lat' dir='ltr'>vol.</span> <span class='ocrx_word' id='word_1_321' title='bbox 2232 4156 2418 4224; x_wconf 92' lang='lat' dir='ltr'>Vle</span> <span class='ocrx_word' id='word_1_322' title='bbox 2383 4173 2434 4224; x_wconf 92' lang='lat' dir='ltr'>p.</span> <span class='ocrx_word' id='word_1_323' title='bbox 2484 4155 2587 4211; x_wconf 84' lang='lat'>523</span> <span class='ocrx_word' id='word_1_324' title='bbox 2635 4170 2677 4208; x_wconf 91' lang='lat' dir='ltr'>s.</span> <span class='ocrx_word' id='word_1_325' title='bbox 2727 4170 2779 4207; x_wconf 81' lang='lat' dir='ltr'>v.</span> 
     </span>
     <span class='ocr_line' id='line_1_40' title="bbox 427 4216 2778 4300; baseline -0.001 -20"><span class='ocrx_word' id='word_1_326' title='bbox 427 4216 768 4300; x_wconf 80' lang='grc' dir='ltr'><strong><em>Ξενοκράτης.</em></strong></span> <span class='ocrx_word' id='word_1_327' title='bbox 851 4226 1031 4280; x_wconf 89' lang='lat' dir='ltr'>Rich.</span> <span class='ocrx_word' id='word_1_328' title='bbox 1069 4226 1282 4281; x_wconf 89' lang='lat' dir='ltr'>Heinz</span> <span class='ocrx_word' id='word_1_329' title='bbox 1297 4244 1352 4296; x_wconf 89' lang='lat' dir='ltr'>e,</span> <span class='ocrx_word' id='word_1_330' title='bbox 1390 4227 1747 4292; x_wconf 71' lang='grc' dir='ltr'>ΧεηοΙοναιοε,</span> <span class='ocrx_word' id='word_1_331' title='bbox 1786 4228 2004 4299; x_wconf 83' lang='lat' dir='ltr'>Leipzig</span> <span class='ocrx_word' id='word_1_332' title='bbox 2044 4228 2197 4292; x_wconf 82' lang='lat'>1892,</span> <span class='ocrx_word' id='word_1_333' title='bbox 2236 4227 2595 4296; x_wconf 85' lang='lat' dir='ltr'>compluribus</span> <span class='ocrx_word' id='word_1_334' title='bbox 2630 4224 2778 4279; x_wconf 73' lang='lat' dir='ltr'>locis</span> 
     </span>
    </p>
   </div>
   <div class='ocr_carea' id='block_1_9' title="bbox 427 3839 848 3846">
    <p class='ocr_par' dir='ltr' id='par_1_11' title="bbox 427 3839 848 3846">
     <span class='ocr_line' id='line_1_41' title="bbox 427 3839 848 3846; baseline 0 0"><span class='ocrx_word' id='word_1_335' title='bbox 427 3839 848 3846; x_wconf 95' lang='lat' dir='ltr'> </span> 
     </span>
    </p>
   </div>
  </div>
 </body>
</html>
