3217 4900
1338 317 1781 385 —11-

598 493 774 551 Plut.
811 495 964 551 Mar.
1003 513 1049 551 c.
1091 497 1159 553 10
1193 498 1276 551 in.

453 596 583 667 “Ως
640 601 712 656 δὲ
768 602 1183 659 διέπλευσεν
1238 603 1337 668 εἰς
1384 609 1499 659 Λι-

349 685 571 761 βύην,
638 690 929 756 Μέτελλος
992 691 1098 760 μὲν
1156 683 1342 760 ἥττων
1397 699 1502 749 τοῦ

356 774 609 846 φθόνου
649 776 958 849 γενόμενος
1003 783 1099 836 καὶ
1140 786 1500 849 περιπαθῶν,

351 857 448 921 ὅτι
496 868 1118 939 κατειργασμένου
1155 868 1273 925 τὸν
1302 868 1501 928 πόλε-

351 975 497 1022 μον
552 954 770 1015 αὐτοῦ
817 960 915 1013 καὶ
963 959 1139 1027 μηδὲν
1185 955 1503 1017 ὑπόλοιπον

351 1037 390 1113 ἢ
430 1042 506 1101 τὸ
554 1049 725 1114 σῶμα
772 1050 875 1101 τοῦ
922 1044 1259 1119 Ἰουγούρθα
1305 1054 1501 1122 λαβεῖν

356 1127 608 1203 ἔχοντος
656 1126 782 1203 ἥκει
824 1131 1050 1206 Μάριος
1099 1133 1193 1193 ἐπὶ
1241 1135 1340 1193 τὸν
1383 1139 1500 1194 στέ-

354 1242 560 1290 φανον
617 1227 714 1278 καὶ
770 1222 869 1277 τὸν
926 1224 1214 1296 θρίαμβον
1272 1222 1339 1280 ἐκ
1400 1229 1501 1296 τῆς

353 1308 514 1381 πρὸς
543 1311 767 1368 ἐκεῖνον
792 1310 1127 1383 ἀχαριστίας
1165 1309 1497 1383 ηὐξημένος,

354 1399 486 1471 οὐχ
563 1396 946 1468 ὑπέμεινεν
1009 1399 1109 1466 εἰς
1181 1397 1255 1456 τὸ
1328 1401 1499 1458 αὐτὸ

360 1493 780 1555 συνελθεῖν,
865 1486 1013 1545 ἀλλ’
1091 1487 1296 1556 αὐτὸς
1377 1491 1501 1560 μὲν

353 1571 910 1650 ὑπεξεχώρησε,
983 1572 1358 1644 Ῥουτίλιος
1431 1579 1502 1636 δὲ

359 1661 444 1722 τὸ
500 1664 907 1739 στράτευμα
954 1672 1044 1741 τῷ
1087 1669 1331 1742 Μαρίῳ
1380 1688 1502 1725 πα-

370 1754 673 1827 ρέδωκε,
715 1752 1160 1827 πρεσβευτὴς
1197 1755 1505 1828 γεγονώς

357 1848 497 1899 τοῦ
542 1843 920 1900 Μετέλλου.

486 1987 655 2042 Plut.
694 1988 844 2042 Mar.
884 2005 930 2042 c.
967 1989 1003 2042 8

443 2094 857 2164 [Τουρπίλλιος]
906 2085 978 2163 ἦν
1018 2093 1128 2161 μὲν

362 2180 436 2238 ἐκ
494 2180 757 2251 πατέρων
824 2182 987 2250 ξένος
1043 2183 1123 2256 τῷ

368 2269 649 2344 Μετέλλῳ
684 2275 794 2326 -καὶ
846 2267 975 2326 τότε
1023 2267 1127 2340 τὴν

1227 1988 1376 2044 Sall.
1414 1989 1477 2044 Β.
1514 1990 1564 2045 J.
1604 2007 1650 2044 c.
1690 1990 1776 2058 66,
1814 1991 1847 2045 3

1860 496 2008 552 Sall.
2046 497 2109 551 B.
2145 497 2194 552 J.
2236 514 2280 551 c.
2319 496 2407 565 86,
2443 497 2481 550 4

1717 603 1890 671 Igitur
1946 603 2193 658 Marius
2267 621 2386 658 cum
2463 603 2729 672 aliquanto

1610 693 1809 747 maiore
1834 709 2075 760 numero,
2104 709 2262 761 quam
2292 694 2570 747 decretum
2598 695 2728 759 erat,

1609 782 1676 834 in
1757 782 2049 836 Africam
2132 782 2475 850 profectus
2549 784 2729 851 paucis

1609 871 1798 926 diebus
1832 871 2045 926 Uticam
2086 870 2382 924 advehitur.

1719 976 1764 1014 c.
1803 959 1890 1027 82,
1929 961 1962 1014 3
2012 960 2177 1028 quod
2214 959 2338 1012 iam
2376 961 2565 1026 parta
2599 959 2727 1013 vic-

1609 1049 1785 1102 toria
1838 1065 1917 1102 ex
1970 1047 2273 1101 manibus
2329 1047 2728 1115 eriperetur.

1609 1154 1655 1192 c.
1704 1137 1790 1204 86,
1839 1139 1874 1190 4
1928 1136 2289 1191 Exercitus
2337 1136 2395 1189 ei
2442 1136 2731 1190 traditur

1608 1225 1722 1280 aP.
1750 1225 2008 1279 Rutilio
2045 1224 2281 1295 legato.
2339 1224 2478 1277 Nam
2505 1224 2729 1278 Metel-

1605 1315 1707 1368 lus
1755 1315 2182 1382 conspectum
2228 1313 2391 1367 Mari
2436 1314 2729 1382 fugerat,

1607 1420 1678 1458 ne
1733 1404 1944 1457 videret
1989 1419 2054 1457 ea
2107 1419 2242 1471 quae
2291 1403 2469 1456 audita
2524 1403 2730 1455 animus

1608 1492 1838 1546 tolerare
1875 1491 2207 1560 nequiverat.

2020 1990 2292 2058 Appian.
2332 1988 2511 2043 Num.
2549 1990 2618 2042 fr.
2657 1991 2690 2043 3

1254 2274 1550 2344 [Vagenses
1585 2275 1677 2328 ubi
1714 2277 1926 2344 tempus

365 2357 468 2415 ἐπὶ
506 2364 622 2415 τῶν
659 2357 947 2415 τεκτόνων
980 2355 1126 2431 ἔχων
1179 2363 1298 2430 fuit,
1358 2364 1701 2418 centuriones
1757 2364 1926 2417 tribu-

365 2445 551 2521 ἀρχὴν

677 2446 1122 2522 συνεστράτευε’
1178 2468 1381 2521 nosque
1402 2454 1665 2523 militaris]
1684 2456 1742 2508 et
1751 2455 1927 2523 ipsum

366 2541 700 2609 φρουρῶν
748 2538 818 2594 δὲ
870 2536 1121 2609 Βάγαν,
1178 2542 1595 2608 praefectum
1706 2543 1927 2612 oppidi

2054 2447 2173 2507 τὸν
2281 2445 2730 2522 φρούραρχον

1989 2542 2431 2611 Τουρπίλιον,
2553 2533 2729 2610 ἄνδρα

366 2625 539 2683 πόλιν
582 2623 855 2698 μεγάλην,
903 2633 997 2683 καὶ
1044 2635 1123 2702 τῷ
1177 2630 1615 2699 T.Turpilium
1634 2631 1925 2686 Silanum
1973 2624 2264 2697 Ῥωμαῖον,

367 2717 545 2786 μηδὲν
573 2713 792 2771 ἀδικεῖν
820 2716 953 2783 τοὺς
984 2716 1122 2773 ἐνοι·
1179 2717 1312 2771 alius
1358 2718 1520 2773 alium
1565 2722 1749 2775 domos
1804 2736 1927 2775 suas

367 2810 640 2870 κοῦντας,
718 2802 860 2860 ἀλλὰ
929 2802 1125 2883 πρᾴως
1178 2807 1423 2875 invitant,
1460 2824 1551 2862 eos
1576 2810 1748 2863 omnis
1774 2826 1926 2878 prae-

368 2899 468 2948 καὶ
524 2893 954 2964 φιλανθρώπως
1028 2895 1123 2951 αὕ-
1179 2896 1574 2966 ter'l'ulpilium
1594 2898 1927 2952 obtruncant.

367 2991 486 3047 τοῖς
525 2983 969 3054 προσφέρεσθαι
998 3002 1123 3038 πισ-

367 3068 552 3127 τεύων
566 3115 580 3134 ,
638 3067 852 3127 ἔλαθεν
898 3067 1123 3143 ὑποχεί-

371 3178 491 3230 ριος
509 3159 629 3226 τοῖς
647 3164 943 3230 πολεμίοις
961 3159 1124 3233 γενό-

369 3268 554 3316 μενος.

444 3338 849 3410 Παρεδέξαντο
886 3336 999 3409 γὰρ
1028 3337 1127 3394 τὸν

356 3431 382 3479 Ι
406 3419 766 3498 ουγούρθαν,
854 3425 926 3481 τὸ
942 3447 974 3481 ν
1057 3428 1123 3482 δὲ

384 3518 844 3588 Ίόυρπίλλιον
923 3514 1128 3572 οὐδὲν

1254 3536 1298 3571 c.
1352 3519 1438 3581 67,
1500 3520 1532 3572 3
1595 3517 1930 3586 Turpilius

373 3601 741 3674 ἠδίκησαν,
791 3601 959 3660 ἀλλὰ
1001 3610 1126 3679 σῷ-
1182 3607 1571 3675 praefectus
1628 3623 1797 3659 unus
1852 3623 1929 3660 ex

374 3711 447 3747 ον
572 3690 1126 3762 ἐξαιτησάμενοι
1183 3696 1481 3750 omnibus
1526 3695 1789 3750 Italicis
1837 3695 1928 3747 in-

372 3785 638 3851 διῆκαν.
716 3775 957 3853 Ἔσχεν
1005 3774 1127 3838 οὖν
1180 3787 1398 3838 tactus
1436 3785 1750 3853 profugit.

375 3870 606 3926 αἰτίαν
713 3873 1122 3942 προδοσίας·

1250 3889 1295 3926 c.
1331 3873 1417 3940 69,
1443 3874 1479 3925 4
1502 3873 1724 3926 iussus
1751 3890 1782 3927 a
1804 3873 1928 3927 Me-

376 3962 471 4014 καὶ
509 3956 708 4031 παρών
736 3955 767 4014 ὸ
797 3956 1023 4030 Μάριος
1058 3965 1123 4029 τῇ
1178 3960 1338 4015 tello
1377 3976 1632 4015 causam
1669 3961 1893 4015 dicere

374 4050 559 4119 κρίσει
593 4045 915 4120 σύμβουλος
954 4046 1125 4112 αὐτός

362 4155 424 4192 τε
453 4135 508 4192 οὶ
536 4134 741 4209 πικρὸς
770 4128 841 4206 ἧν
870 4141 968 4192 καὶ
1006 4139 1120 4192 τῶν

362 4218 551 4280 ἄλλων
606 4221 910 4296 παρώξυνε
984 4223 1118 4291 τοὺς
